<?xml version="1.0" encoding="UTF-8"?>
<!DOCTYPE html PUBLIC "-//W3C//DTD XHTML 1.0 Transitional//EN"
    "http://www.w3.org/TR/xhtml1/DTD/xhtml1-transitional.dtd">
<html xmlns="http://www.w3.org/1999/xhtml" xml:lang="en" lang="en">
 <head>
  <title>
</title>
<meta http-equiv="Content-Type" content="text/html;charset=utf-8" />
  <meta name='ocr-system' content='tesseract 3.04.00' />
  <meta name='ocr-capabilities' content='ocr_page ocr_carea ocr_par ocr_line ocrx_word'/>
</head>
<body>
  <div class='ocr_page' id='page_1' title='image "./pomponiimelaede00soligoog_0722.png"; bbox 0 0 2766 4554; ppageno 0'>
   <div class='ocr_carea' id='block_1_1' title="bbox 229 239 1166 351">
    <p class='ocr_par' dir='ltr' id='par_1_1' title="bbox 229 239 1166 351">
     <span class='ocr_line' id='line_1_1' title="bbox 229 239 1166 351; baseline -0.006 -19"><span class='ocrx_word' id='word_1_1' title='bbox 229 255 304 351; x_wconf 60' lang='grc' dir='ltr'>σῃ</span> <span class='ocrx_word' id='word_1_2' title='bbox 351 247 414 329; x_wconf 90' lang='lat' dir='ltr'>is.</span> <span class='ocrx_word' id='word_1_3' title='bbox 442 239 640 327; x_wconf 85' lang='lat' dir='ltr'>vossii</span> <span class='ocrx_word' id='word_1_4' title='bbox 671 239 1166 326; x_wconf 81' lang='lat' dir='ltr'>onsnnviraonns</span> 
     </span>
    </p>
   </div>
   <div class='ocr_carea' id='block_1_2' title="bbox 236 319 1375 664">
    <p class='ocr_par' dir='ltr' id='par_1_2' title="bbox 236 319 1375 664">
     <span class='ocr_line' id='line_1_2' title="bbox 1374 319 1375 352; baseline 0 0"><span class='ocrx_word' id='word_1_5' title='bbox 1374 319 1375 352; x_wconf 90' lang='lat' dir='ltr'>l</span> 
     </span>
     <span class='ocr_line' id='line_1_3' title="bbox 236 403 1375 514; baseline -0.004 -31"><span class='ocrx_word' id='word_1_6' title='bbox 236 411 383 512; x_wconf 70' lang='lat' dir='ltr'>Chii,</span> <span class='ocrx_word' id='word_1_7' title='bbox 403 403 635 504; x_wconf 50' lang='lat' dir='ltr'>lunfflgresto</span> <span class='ocrx_word' id='word_1_8' title='bbox 652 405 714 504; x_wconf 82' lang='lat' dir='ltr'>sint</span> <span class='ocrx_word' id='word_1_9' title='bbox 738 405 882 489; x_wconf 81' lang='lat' dir='ltr'>maiorer.</span> <span class='ocrx_word' id='word_1_10' title='bbox 923 405 1207 510; x_wconf 76' lang='lat' dir='ltr'>Perpetudtainen</span> <span class='ocrx_word' id='word_1_11' title='bbox 1230 411 1293 480; x_wconf 86' lang='lat' dir='ltr'>boe</span> <span class='ocrx_word' id='word_1_12' title='bbox 1374 459 1375 514; x_wconf 58' lang='lat'><em>3</em></span> 
     </span>
     <span class='ocr_line' id='line_1_4' title="bbox 236 490 1297 664; baseline -0.004 -15"><span class='ocrx_word' id='word_1_13' title='bbox 236 490 1297 664; x_wconf 40' lang='lat' dir='ltr'>inintensibilis,‘lintregnanum</span> 
     </span>
    </p>
   </div>
   <div class='ocr_carea' id='block_1_3' title="bbox 233 657 1299 2340">
    <p class='ocr_par' dir='ltr' id='par_1_3' title="bbox 234 657 1297 1688">
     <span class='ocr_line' id='line_1_5' title="bbox 236 657 1295 758; baseline -0.002 -26"><span class='ocrx_word' id='word_1_14' title='bbox 236 665 306 732; x_wconf 78' lang='lat' dir='ltr'>etos</span> <span class='ocrx_word' id='word_1_15' title='bbox 322 659 539 758; x_wconf 66' lang='lat' dir='ltr'>magnitudine</span> <span class='ocrx_word' id='word_1_16' title='bbox 549 657 718 754; x_wconf 75' lang='lat' dir='ltr'>excedunt.</span> <span class='ocrx_word' id='word_1_17' title='bbox 764 659 994 756; x_wconf 81' lang='lat' dir='ltr'>verumetiam</span> <span class='ocrx_word' id='word_1_18' title='bbox 1010 663 1065 746; x_wconf 89' lang='lat' dir='ltr'>qui</span> <span class='ocrx_word' id='word_1_19' title='bbox 1084 661 1116 729; x_wconf 90' lang='lat' dir='ltr'>in</span> <span class='ocrx_word' id='word_1_20' title='bbox 1132 664 1295 732; x_wconf 85' lang='lat' dir='ltr'>montibua</span> 
     </span>
     <span class='ocr_line' id='line_1_6' title="bbox 236 739 1297 924; baseline -0.004 -24"><span class='ocrx_word' id='word_1_21' title='bbox 236 739 1008 924; x_wconf 57' lang='lat' dir='ltr'>liuhi?ininshlrlitlililzi</span> <span class='ocrx_word' id='word_1_22' title='bbox 1022 743 1218 912; x_wconf 61' lang='lat' dir='ltr'>intelli</span> <span class='ocrx_word' id='word_1_23' title='bbox 1234 745 1297 896; x_wconf 61' lang='lat' dir='ltr'>ll?</span> 
     </span>
     <span class='ocr_line' id='line_1_7' title="bbox 237 906 1294 1006; baseline -0.001 -25"><span class='ocrx_word' id='word_1_24' title='bbox 237 913 302 982; x_wconf 89' lang='lat' dir='ltr'>seni</span> <span class='ocrx_word' id='word_1_25' title='bbox 374 909 515 997; x_wconf 87' lang='lat' dir='ltr'>sequenti</span> <span class='ocrx_word' id='word_1_26' title='bbox 528 909 629 976; x_wconf 82' lang='lat' dir='ltr'>minin</span> <span class='ocrx_word' id='word_1_27' title='bbox 644 906 747 1006; x_wconf 81' lang='lat' dir='ltr'>celsus</span> <span class='ocrx_word' id='word_1_28' title='bbox 767 908 940 974; x_wconf 77' lang='lat' dir='ltr'>videbatur.</span> <span class='ocrx_word' id='word_1_29' title='bbox 979 911 1119 980; x_wconf 78' lang='lat' dir='ltr'>nivem</span> <span class='ocrx_word' id='word_1_30' title='bbox 1138 913 1160 982; x_wconf 89' lang='lat' dir='ltr'>si</span> <span class='ocrx_word' id='word_1_31' title='bbox 1181 913 1294 982; x_wconf 85' lang='lat' dir='ltr'>exilio</span> 
     </span>
     <span class='ocr_line' id='line_1_8' title="bbox 235 989 1292 1078; baseline -0.007 -9"><span class='ocrx_word' id='word_1_32' title='bbox 235 1000 271 1070; x_wconf 93' lang='lat' dir='ltr'>in</span> <span class='ocrx_word' id='word_1_33' title='bbox 289 996 418 1065; x_wconf 82' lang='lat' dir='ltr'>aterius</span> <span class='ocrx_word' id='word_1_34' title='bbox 437 1011 588 1060; x_wconf 83' lang='lat' dir='ltr'><strong>cacumen</strong></span> <span class='ocrx_word' id='word_1_35' title='bbox 605 989 782 1069; x_wconf 86' lang='lat' dir='ltr'>evaserint,</span> <span class='ocrx_word' id='word_1_36' title='bbox 804 1007 874 1058; x_wconf 88' lang='lat' dir='ltr'>tuni</span> <span class='ocrx_word' id='word_1_37' title='bbox 890 993 995 1060; x_wconf 88' lang='lat' dir='ltr'>denuo</span> <span class='ocrx_word' id='word_1_38' title='bbox 1010 997 1098 1078; x_wconf 87' lang='lat' dir='ltr'>prior</span> <span class='ocrx_word' id='word_1_39' title='bbox 1111 997 1218 1064; x_wconf 91' lang='lat' dir='ltr'>altero</span> <span class='ocrx_word' id='word_1_40' title='bbox 1229 997 1292 1062; x_wconf 86' lang='lat' dir='ltr'>edi·</span> 
     </span>
     <span class='ocr_line' id='line_1_9' title="bbox 235 1073 1292 1150; baseline -0.001 0"><span class='ocrx_word' id='word_1_41' title='bbox 235 1081 350 1150; x_wconf 87' lang='lat' dir='ltr'>tiorad</span> <span class='ocrx_word' id='word_1_42' title='bbox 390 1079 486 1146; x_wconf 86' lang='lat' dir='ltr'>tebit.</span> <span class='ocrx_word' id='word_1_43' title='bbox 509 1073 864 1146; x_wconf 83' lang='lat' dir='ltr'>Hincmanifestumest</span> <span class='ocrx_word' id='word_1_44' title='bbox 901 1076 1192 1148; x_wconf 87' lang='lat' dir='ltr'>uantlimfallantur</span> <span class='ocrx_word' id='word_1_45' title='bbox 1210 1099 1292 1149; x_wconf 87' lang='lat' dir='ltr'>nien-</span> 
     </span>
     <span class='ocr_line' id='line_1_10' title="bbox 236 1158 1293 1248; baseline -0.005 -14"><span class='ocrx_word' id='word_1_46' title='bbox 236 1163 322 1234; x_wconf 83' lang='lat' dir='ltr'>sorei</span> <span class='ocrx_word' id='word_1_47' title='bbox 344 1165 353 1230; x_wconf 95' lang='lat' dir='ltr'>i</span> <span class='ocrx_word' id='word_1_48' title='bbox 369 1165 413 1240; x_wconf 88' lang='lat' dir='ltr'>li,</span> <span class='ocrx_word' id='word_1_49' title='bbox 436 1161 491 1248; x_wconf 90' lang='lat' dir='ltr'>qui</span> <span class='ocrx_word' id='word_1_50' title='bbox 509 1159 683 1246; x_wconf 86' lang='lat' dir='ltr'>quadrante</span> <span class='ocrx_word' id='word_1_51' title='bbox 696 1173 749 1224; x_wconf 90' lang='lat' dir='ltr'>aut</span> <span class='ocrx_word' id='word_1_52' title='bbox 764 1158 826 1224; x_wconf 90' lang='lat' dir='ltr'>alio</span> <span class='ocrx_word' id='word_1_53' title='bbox 840 1159 873 1225; x_wconf 93' lang='lat' dir='ltr'>in</span> <span class='ocrx_word' id='word_1_54' title='bbox 938 1178 1065 1241; x_wconf 88' lang='lat' dir='ltr'>mento,</span> <span class='ocrx_word' id='word_1_55' title='bbox 1086 1181 1293 1248; x_wconf 84' lang='lat' dir='ltr'>quaecunque</span> 
     </span>
     <span class='ocr_line' id='line_1_11' title="bbox 237 1238 1294 1343; baseline -0.004 -24"><span class='ocrx_word' id='word_1_56' title='bbox 237 1247 447 1319; x_wconf 85' lang='lat' dir='ltr'>horizontalia</span> <span class='ocrx_word' id='word_1_57' title='bbox 471 1245 561 1328; x_wconf 87' lang='lat' dir='ltr'>plana</span> <span class='ocrx_word' id='word_1_58' title='bbox 579 1241 611 1310; x_wconf 93' lang='lat' dir='ltr'>se</span> <span class='ocrx_word' id='word_1_59' title='bbox 624 1239 817 1328; x_wconf 83' lang='lat' dir='ltr'>cognoscere</span> <span class='ocrx_word' id='word_1_60' title='bbox 876 1238 924 1338; x_wconf 76' lang='lat' dir='ltr'>sle</span> <span class='ocrx_word' id='word_1_61' title='bbox 941 1243 1129 1316; x_wconf 80' lang='lat' dir='ltr'>existimant.</span> <span class='ocrx_word' id='word_1_62' title='bbox 1175 1247 1294 1343; x_wconf 84' lang='lat' dir='ltr'>Quana-</span> 
     </span>
     <span class='ocr_line' id='line_1_12' title="bbox 238 1323 1296 1416; baseline -0.003 -14"><span class='ocrx_word' id='word_1_63' title='bbox 238 1335 290 1402; x_wconf 83' lang='lat' dir='ltr'>via</span> <span class='ocrx_word' id='word_1_64' title='bbox 312 1349 418 1400; x_wconf 90' lang='lat' dir='ltr'>autem</span> <span class='ocrx_word' id='word_1_65' title='bbox 434 1332 497 1398; x_wconf 88' lang='lat' dir='ltr'>hoc</span> <span class='ocrx_word' id='word_1_66' title='bbox 517 1327 684 1416; x_wconf 81' lang='lat' dir='ltr'>plurimun</span> <span class='ocrx_word' id='word_1_67' title='bbox 701 1325 773 1394; x_wconf 81' lang='lat' dir='ltr'>illos</span> <span class='ocrx_word' id='word_1_68' title='bbox 787 1323 830 1391; x_wconf 87' lang='lat' dir='ltr'>sal</span> <span class='ocrx_word' id='word_1_69' title='bbox 844 1342 877 1390; x_wconf 86' lang='lat' dir='ltr'>at</span> <span class='ocrx_word' id='word_1_70' title='bbox 895 1343 926 1390; x_wconf 93' lang='lat' dir='ltr'>in</span> <span class='ocrx_word' id='word_1_71' title='bbox 945 1329 1080 1402; x_wconf 82' lang='lat' dir='ltr'>terrenis</span> <span class='ocrx_word' id='word_1_72' title='bbox 1097 1331 1296 1414; x_wconf 85' lang='lat' dir='ltr'>intervallis,</span> 
     </span>
     <span class='ocr_line' id='line_1_13' title="bbox 237 1408 1295 1497; baseline -0.009 -8"><span class='ocrx_word' id='word_1_73' title='bbox 237 1419 343 1490; x_wconf 87' lang='lat' dir='ltr'>multo</span> <span class='ocrx_word' id='word_1_74' title='bbox 364 1432 470 1484; x_wconf 84' lang='lat' dir='ltr'>tamen</span> <span class='ocrx_word' id='word_1_75' title='bbox 492 1431 540 1480; x_wconf 89' lang='lat' dir='ltr'>ma</span> <span class='ocrx_word' id='word_1_76' title='bbox 565 1413 590 1479; x_wconf 82' lang='lat' dir='ltr'>ia</span> <span class='ocrx_word' id='word_1_77' title='bbox 609 1409 763 1478; x_wconf 86' lang='lat' dir='ltr'>falluntur</span> <span class='ocrx_word' id='word_1_78' title='bbox 785 1410 815 1474; x_wconf 92' lang='lat' dir='ltr'>in</span> <span class='ocrx_word' id='word_1_79' title='bbox 836 1409 960 1475; x_wconf 79' lang='lat' dir='ltr'>marinis</span> <span class='ocrx_word' id='word_1_80' title='bbox 985 1408 1094 1497; x_wconf 87' lang='lat' dir='ltr'>spatiis</span> <span class='ocrx_word' id='word_1_81' title='bbox 1115 1429 1172 1480; x_wconf 87' lang='lat' dir='ltr'>aut</span> <span class='ocrx_word' id='word_1_82' title='bbox 1189 1416 1295 1482; x_wconf 81' lang='lat' dir='ltr'>eleria-</span> 
     </span>
     <span class='ocr_line' id='line_1_14' title="bbox 236 1431 1296 1590; baseline -0.008 -17"><span class='ocrx_word' id='word_1_83' title='bbox 236 1503 376 1573; x_wconf 76' lang='lat' dir='ltr'>tionibus</span> <span class='ocrx_word' id='word_1_84' title='bbox 394 1431 599 1584; x_wconf 52' lang='lat' dir='ltr'>colligendi.</span> <span class='ocrx_word' id='word_1_85' title='bbox 615 1493 726 1590; x_wconf 80' lang='lat' dir='ltr'>Tanto</span> <span class='ocrx_word' id='word_1_86' title='bbox 741 1511 853 1574; x_wconf 82' lang='lat' dir='ltr'>nempe</span> <span class='ocrx_word' id='word_1_87' title='bbox 873 1491 972 1576; x_wconf 84' lang='lat' dir='ltr'>magis</span> <span class='ocrx_word' id='word_1_88' title='bbox 986 1495 1016 1562; x_wconf 93' lang='lat' dir='ltr'>in</span> <span class='ocrx_word' id='word_1_89' title='bbox 1032 1497 1109 1563; x_wconf 86' lang='lat' dir='ltr'>mari</span> <span class='ocrx_word' id='word_1_90' title='bbox 1131 1499 1241 1566; x_wconf 85' lang='lat' dir='ltr'>omnia</span> <span class='ocrx_word' id='word_1_91' title='bbox 1249 1518 1296 1564; x_wconf 91' lang='lat' dir='ltr'>re·</span> 
     </span>
     <span class='ocr_line' id='line_1_15' title="bbox 234 1573 1296 1688; baseline -0.007 -30"><span class='ocrx_word' id='word_1_92' title='bbox 234 1588 430 1688; x_wconf 79' lang='lat' dir='ltr'>fringuntur.</span> <span class='ocrx_word' id='word_1_93' title='bbox 453 1582 578 1663; x_wconf 83' lang='lat' dir='ltr'>Operae</span> <span class='ocrx_word' id='word_1_94' title='bbox 595 1594 733 1662; x_wconf 89' lang='lat' dir='ltr'>pretium</span> <span class='ocrx_word' id='word_1_95' title='bbox 750 1573 795 1642; x_wconf 84' lang='lat' dir='ltr'>esi</span> <span class='ocrx_word' id='word_1_96' title='bbox 809 1592 873 1642; x_wconf 92' lang='lat' dir='ltr'>uno</span> <span class='ocrx_word' id='word_1_97' title='bbox 885 1576 1050 1660; x_wconf 82' lang='lat' dir='ltr'>alteroque</span> <span class='ocrx_word' id='word_1_98' title='bbox 1066 1577 1178 1647; x_wconf 87' lang='lat' dir='ltr'>illustri</span> <span class='ocrx_word' id='word_1_99' title='bbox 1192 1601 1296 1652; x_wconf 87' lang='lat' dir='ltr'>exem·</span> 
     </span>
    </p>

    <p class='ocr_par' dir='ltr' id='par_1_4' title="bbox 233 1657 1299 2340">
     <span class='ocr_line' id='line_1_16' title="bbox 262 1657 1296 1741; baseline -0.009 0"><span class='ocrx_word' id='word_1_100' title='bbox 262 1673 295 1741; x_wconf 91' lang='lat' dir='ltr'>lo</span> <span class='ocrx_word' id='word_1_101' title='bbox 311 1668 392 1741; x_wconf 87' lang='lat' dir='ltr'>istud</span> <span class='ocrx_word' id='word_1_102' title='bbox 407 1664 604 1733; x_wconf 84' lang='lat' dir='ltr'>confirmate.</span> <span class='ocrx_word' id='word_1_103' title='bbox 626 1657 745 1726; x_wconf 79' lang='lat' dir='ltr'>Narrat</span> <span class='ocrx_word' id='word_1_104' title='bbox 763 1657 899 1723; x_wconf 84' lang='lat' dir='ltr'>Adamus</span> <span class='ocrx_word' id='word_1_105' title='bbox 915 1661 1062 1729; x_wconf 79' lang='lat' dir='ltr'>Oleariut</span> <span class='ocrx_word' id='word_1_106' title='bbox 1078 1665 1111 1730; x_wconf 95' lang='lat' dir='ltr'>in</span> <span class='ocrx_word' id='word_1_107' title='bbox 1131 1663 1296 1732; x_wconf 82' lang='lat' dir='ltr'>itineraria</span> 
     </span>
     <span class='ocr_line' id='line_1_17' title="bbox 236 1693 1295 1836; baseline 0 -22"><span class='ocrx_word' id='word_1_108' title='bbox 236 1693 352 1836; x_wconf 42' lang='lat' dir='ltr'>{infici</span> <span class='ocrx_word' id='word_1_109' title='bbox 367 1747 419 1830; x_wconf 87' lang='lat' dir='ltr'>se,</span> <span class='ocrx_word' id='word_1_110' title='bbox 439 1747 511 1814; x_wconf 87' lang='lat' dir='ltr'>chin</span> <span class='ocrx_word' id='word_1_111' title='bbox 527 1739 683 1808; x_wconf 79' lang='lat' dir='ltr'>excelsum</span> <span class='ocrx_word' id='word_1_112' title='bbox 705 1741 833 1826; x_wconf 80' lang='lat' dir='ltr'>aliquod</span> <span class='ocrx_word' id='word_1_113' title='bbox 854 1739 983 1812; x_wconf 76' lang='lat' dir='ltr'>Caucasi</span> <span class='ocrx_word' id='word_1_114' title='bbox 1001 1746 1108 1830; x_wconf 83' lang='lat' dir='ltr'>jugum</span> <span class='ocrx_word' id='word_1_115' title='bbox 1130 1749 1295 1819; x_wconf 73' lang='lat' dir='ltr'>imminens</span> 
     </span>
     <span class='ocr_line' id='line_1_18' title="bbox 238 1821 1298 1922; baseline 0.009 -30"><span class='ocrx_word' id='word_1_116' title='bbox 238 1840 315 1910; x_wconf 68' lang='lat' dir='ltr'>mari</span> <span class='ocrx_word' id='word_1_117' title='bbox 335 1829 454 1916; x_wconf 82' lang='lat' dir='ltr'>Caspio</span> <span class='ocrx_word' id='word_1_118' title='bbox 474 1821 704 1904; x_wconf 85' lang='lat' dir='ltr'>adscendisset,</span> <span class='ocrx_word' id='word_1_119' title='bbox 732 1822 929 1922; x_wconf 83' lang='lat' dir='ltr'>prospexisse</span> <span class='ocrx_word' id='word_1_120' title='bbox 950 1827 1022 1894; x_wconf 91' lang='lat' dir='ltr'>inde</span> <span class='ocrx_word' id='word_1_121' title='bbox 1043 1849 1127 1898; x_wconf 90' lang='lat' dir='ltr'>mare</span> <span class='ocrx_word' id='word_1_122' title='bbox 1141 1833 1224 1902; x_wconf 89' lang='lat' dir='ltr'>istud</span> <span class='ocrx_word' id='word_1_123' title='bbox 1240 1853 1298 1921; x_wconf 90' lang='lat' dir='ltr'>per</span> 
     </span>
     <span class='ocr_line' id='line_1_19' title="bbox 237 1907 1296 2008; baseline 0.004 -26"><span class='ocrx_word' id='word_1_124' title='bbox 237 1917 415 2008; x_wconf 66' lang='lat' dir='ltr'>dimittam,</span> <span class='ocrx_word' id='word_1_125' title='bbox 437 1913 469 1978; x_wconf 87' lang='lat' dir='ltr'>dt</span> <span class='ocrx_word' id='word_1_126' title='bbox 490 1907 681 1994; x_wconf 84' lang='lat' dir='ltr'>comperisse</span> <span class='ocrx_word' id='word_1_127' title='bbox 701 1908 927 2006; x_wconf 86' lang='lat' dir='ltr'>aliquantulum</span> <span class='ocrx_word' id='word_1_128' title='bbox 949 1911 1071 1979; x_wconf 81' lang='lat' dir='ltr'>exstare</span> <span class='ocrx_word' id='word_1_129' title='bbox 1093 1913 1186 2001; x_wconf 88' lang='lat' dir='ltr'>supra</span> <span class='ocrx_word' id='word_1_130' title='bbox 1211 1919 1296 1986; x_wconf 86' lang='lat' dir='ltr'>hori·</span> 
     </span>
     <span class='ocr_line' id='line_1_20' title="bbox 236 1991 1299 2094; baseline -0.006 -18"><span class='ocrx_word' id='word_1_131' title='bbox 236 2019 380 2076; x_wconf 82' lang='lat' dir='ltr'>zontem.</span> <span class='ocrx_word' id='word_1_132' title='bbox 424 1993 500 2094; x_wconf 86' lang='lat' dir='ltr'>Inde</span> <span class='ocrx_word' id='word_1_133' title='bbox 514 1992 782 2090; x_wconf 28' lang='lat' dir='ltr'>concluditnmaris</span> <span class='ocrx_word' id='word_1_134' title='bbox 796 1991 904 2078; x_wconf 82' lang='lat' dir='ltr'>Caspii</span> <span class='ocrx_word' id='word_1_135' title='bbox 919 1993 1020 2061; x_wconf 90' lang='lat' dir='ltr'>media</span> <span class='ocrx_word' id='word_1_136' title='bbox 1034 1993 1217 2068; x_wconf 84' lang='lat' dir='ltr'>sublimiora</span> <span class='ocrx_word' id='word_1_137' title='bbox 1231 2003 1299 2070; x_wconf 84' lang='lat' dir='ltr'>esse</span> 
     </span>
     <span class='ocr_line' id='line_1_21' title="bbox 235 2073 1298 2258; baseline 0 -17"><span class='ocrx_word' id='word_1_138' title='bbox 235 2073 901 2245; x_wconf 59' lang='lat' dir='ltr'>{tilithi”liinhlliifllh</span> <span class='ocrx_word' id='word_1_139' title='bbox 915 2079 1298 2258; x_wconf 55' lang='lat' dir='ltr'>{angleriam</span> 
     </span>
     <span class='ocr_line' id='line_1_22' title="bbox 233 2243 1295 2340; baseline 0.003 -20"><span class='ocrx_word' id='word_1_140' title='bbox 233 2257 291 2326; x_wconf 86' lang='lat' dir='ltr'>cit.</span> <span class='ocrx_word' id='word_1_141' title='bbox 349 2273 390 2320; x_wconf 90' lang='lat' dir='ltr'>on</span> <span class='ocrx_word' id='word_1_142' title='bbox 405 2249 424 2317; x_wconf 74' lang='grc' dir='ltr'>ὲ</span> <span class='ocrx_word' id='word_1_143' title='bbox 440 2243 583 2318; x_wconf 87' lang='lat' dir='ltr'>Caucaso</span> <span class='ocrx_word' id='word_1_144' title='bbox 599 2245 739 2326; x_wconf 90' lang='lat' dir='ltr'>tanthm,</span> <span class='ocrx_word' id='word_1_145' title='bbox 764 2245 874 2312; x_wconf 84' lang='lat' dir='ltr'>veihin</span> <span class='ocrx_word' id='word_1_146' title='bbox 894 2247 913 2315; x_wconf 77' lang='lat' dir='ltr'>l:</span> <span class='ocrx_word' id='word_1_147' title='bbox 931 2249 1185 2340; x_wconf 81' lang='lat' dir='ltr'>quiliuscumque</span> <span class='ocrx_word' id='word_1_148' title='bbox 1201 2257 1295 2323; x_wconf 89' lang='lat' dir='ltr'>etiarn</span> 
     </span>
    </p>
   </div>
   <div class='ocr_carea' id='block_1_4' title="bbox 100 2329 1295 2426">
    <p class='ocr_par' dir='ltr' id='par_1_5' title="bbox 100 2329 1295 2426">
     <span class='ocr_line' id='line_1_23' title="bbox 100 2329 1295 2426; baseline -0.017 -14"><span class='ocrx_word' id='word_1_149' title='bbox 100 2340 102 2358; x_wconf 90' lang='lat'>&#39;</span> <span class='ocrx_word' id='word_1_150' title='bbox 233 2341 304 2412; x_wconf 76' lang='lat' dir='ltr'>aliis</span> <span class='ocrx_word' id='word_1_151' title='bbox 322 2335 452 2406; x_wconf 74' lang='lat' dir='ltr'>excelsa</span> <span class='ocrx_word' id='word_1_152' title='bbox 467 2332 646 2409; x_wconf 85' lang='lat' dir='ltr'>montibiu,</span> <span class='ocrx_word' id='word_1_153' title='bbox 672 2331 756 2400; x_wconf 89' lang='lat' dir='ltr'>unde</span> <span class='ocrx_word' id='word_1_154' title='bbox 772 2329 804 2398; x_wconf 89' lang='lat' dir='ltr'>in</span> <span class='ocrx_word' id='word_1_155' title='bbox 820 2331 939 2400; x_wconf 90' lang='lat' dir='ltr'>vastum</span> <span class='ocrx_word' id='word_1_156' title='bbox 960 2352 1044 2400; x_wconf 87' lang='lat' dir='ltr'>mare</span> <span class='ocrx_word' id='word_1_157' title='bbox 1061 2353 1150 2422; x_wconf 86' lang='lat' dir='ltr'>patet</span> <span class='ocrx_word' id='word_1_158' title='bbox 1166 2339 1295 2426; x_wconf 67' lang='lat' dir='ltr'>prospe.</span> 
     </span>
    </p>
   </div>
   <div class='ocr_carea' id='block_1_5' title="bbox 235 2413 1240 2509">
    <p class='ocr_par' dir='ltr' id='par_1_6' title="bbox 235 2413 1240 2509">
     <span class='ocr_line' id='line_1_24' title="bbox 235 2413 1240 2509; baseline -0.005 -14"><span class='ocrx_word' id='word_1_159' title='bbox 235 2427 326 2509; x_wconf 79' lang='lat' dir='ltr'>siun,</span> <span class='ocrx_word' id='word_1_160' title='bbox 344 2422 490 2490; x_wconf 88' lang='lat' dir='ltr'>videntur</span> <span class='ocrx_word' id='word_1_161' title='bbox 505 2437 602 2500; x_wconf 79' lang='lat' dir='ltr'>aquae</span> <span class='ocrx_word' id='word_1_162' title='bbox 612 2416 692 2484; x_wconf 85' lang='lat' dir='ltr'>clivi</span> <span class='ocrx_word' id='word_1_163' title='bbox 704 2415 795 2484; x_wconf 86' lang='lat' dir='ltr'>inliar</span> <span class='ocrx_word' id='word_1_164' title='bbox 808 2413 916 2484; x_wconf 78' lang='lat' dir='ltr'>versus</span> <span class='ocrx_word' id='word_1_165' title='bbox 931 2416 1135 2488; x_wconf 87' lang='lat' dir='ltr'>horizontem</span> <span class='ocrx_word' id='word_1_166' title='bbox 1148 2420 1240 2490; x_wconf 87' lang='lat' dir='ltr'>adsur</span> 
     </span>
    </p>
   </div>
   <div class='ocr_carea' id='block_1_6' title="bbox 235 2499 1256 2652">
    <p class='ocr_par' dir='ltr' id='par_1_7' title="bbox 235 2499 1256 2652">
     <span class='ocr_line' id='line_1_25' title="bbox 235 2499 1256 2652; baseline -0.005 -79"><span class='ocrx_word' id='word_1_167' title='bbox 235 2531 280 2580; x_wconf 77' lang='lat' dir='ltr'>re.</span> <span class='ocrx_word' id='word_1_168' title='bbox 321 2505 431 2594; x_wconf 85' lang='lat' dir='ltr'>ipsum</span> <span class='ocrx_word' id='word_1_169' title='bbox 454 2503 519 2570; x_wconf 91' lang='lat' dir='ltr'>hoc</span> <span class='ocrx_word' id='word_1_170' title='bbox 537 2499 658 2570; x_wconf 86' lang='lat' dir='ltr'>faciunt</span> <span class='ocrx_word' id='word_1_171' title='bbox 673 2517 805 2652; x_wconf 58' lang='lat' dir='ltr'>guoque</span> <span class='ocrx_word' id='word_1_172' title='bbox 830 2520 950 2580; x_wconf 86' lang='lat' dir='ltr'>terrae,</span> <span class='ocrx_word' id='word_1_173' title='bbox 970 2499 1034 2570; x_wconf 88' lang='lat' dir='ltr'>·sed</span> <span class='ocrx_word' id='word_1_174' title='bbox 1062 2508 1166 2576; x_wconf 87' lang='lat' dir='ltr'>inulto</span> <span class='ocrx_word' id='word_1_175' title='bbox 1193 2509 1256 2576; x_wconf 73' lang='lat' dir='ltr'>nin</span> 
     </span>
    </p>
   </div>
   <div class='ocr_carea' id='block_1_7' title="bbox 162 2585 1294 3439">
    <p class='ocr_par' dir='ltr' id='par_1_8' title="bbox 162 2585 1294 3439">
     <span class='ocr_line' id='line_1_26' title="bbox 233 2585 1293 2681; baseline -0.001 -19"><span class='ocrx_word' id='word_1_176' title='bbox 233 2591 329 2681; x_wconf 75' lang='lat' dir='ltr'>quam</span> <span class='ocrx_word' id='word_1_177' title='bbox 358 2591 472 2668; x_wconf 85' lang='lat' dir='ltr'>maria,</span> <span class='ocrx_word' id='word_1_178' title='bbox 494 2585 513 2654; x_wconf 78' lang='grc' dir='ltr'>ὲ</span> <span class='ocrx_word' id='word_1_179' title='bbox 537 2585 653 2668; x_wconf 82' lang='lat' dir='ltr'>ouibus</span> <span class='ocrx_word' id='word_1_180' title='bbox 694 2585 828 2654; x_wconf 76' lang='lat' dir='ltr'>entiores</span> <span class='ocrx_word' id='word_1_181' title='bbox 855 2585 1049 2656; x_wconf 84' lang='lat' dir='ltr'>adscendunt</span> <span class='ocrx_word' id='word_1_182' title='bbox 1072 2609 1225 2678; x_wconf 81' lang='lat' dir='ltr'>vaporet.</span> <span class='ocrx_word' id='word_1_183' title='bbox 1256 2612 1293 2662; x_wconf 86' lang='lat' dir='ltr'>ae</span> 
     </span>
     <span class='ocr_line' id='line_1_27' title="bbox 233 2669 1294 2769; baseline 0.004 -27"><span class='ocrx_word' id='word_1_184' title='bbox 233 2677 365 2769; x_wconf 78' lang='lat' dir='ltr'>prtilnde</span> <span class='ocrx_word' id='word_1_185' title='bbox 384 2671 563 2742; x_wconf 76' lang='lat' dir='ltr'>nftautonl</span> <span class='ocrx_word' id='word_1_186' title='bbox 582 2669 681 2756; x_wconf 82' lang='lat' dir='ltr'>inagis</span> <span class='ocrx_word' id='word_1_187' title='bbox 705 2669 845 2738; x_wconf 81' lang='lat' dir='ltr'>obnoxii.</span> <span class='ocrx_word' id='word_1_188' title='bbox 869 2669 987 2758; x_wconf 80' lang='lat' dir='ltr'>Pharus</span> <span class='ocrx_word' id='word_1_189' title='bbox 1007 2691 1138 2762; x_wconf 85' lang='lat' dir='ltr'>quoque</span> <span class='ocrx_word' id='word_1_190' title='bbox 1158 2675 1294 2746; x_wconf 84' lang='lat' dir='ltr'>Alexan·</span> 
     </span>
     <span class='ocr_line' id='line_1_28' title="bbox 228 2753 1293 2842; baseline 0.008 -21"><span class='ocrx_word' id='word_1_191' title='bbox 228 2766 322 2834; x_wconf 76' lang='lat' dir='ltr'>‚drinu</span> <span class='ocrx_word' id='word_1_192' title='bbox 333 2759 537 2831; x_wconf 84' lang='lat' dir='ltr'>certissimum</span> <span class='ocrx_word' id='word_1_193' title='bbox 553 2755 646 2842; x_wconf 87' lang='lat' dir='ltr'>liujus</span> <span class='ocrx_word' id='word_1_194' title='bbox 656 2753 700 2820; x_wconf 90' lang='lat' dir='ltr'>rei</span> <span class='ocrx_word' id='word_1_195' title='bbox 718 2753 849 2840; x_wconf 85' lang='lat' dir='ltr'>praebet</span> <span class='ocrx_word' id='word_1_196' title='bbox 863 2773 1094 2840; x_wconf 80' lang='lat' dir='ltr'>argumentum.</span> <span class='ocrx_word' id='word_1_197' title='bbox 1116 2759 1228 2828; x_wconf 82' lang='lat' dir='ltr'>Exstat</span> <span class='ocrx_word' id='word_1_198' title='bbox 1243 2763 1293 2830; x_wconf 87' lang='lat' dir='ltr'>illa</span> 
     </span>
     <span class='ocr_line' id='line_1_29' title="bbox 235 2837 1291 2931; baseline 0.002 -20"><span class='ocrx_word' id='word_1_199' title='bbox 235 2847 327 2930; x_wconf 83' lang='lat' dir='ltr'>supra</span> <span class='ocrx_word' id='word_1_200' title='bbox 342 2842 535 2929; x_wconf 82' lang='lat' dir='ltr'>superficiem</span> <span class='ocrx_word' id='word_1_201' title='bbox 555 2837 650 2904; x_wconf 85' lang='lat' dir='ltr'>maris</span> <span class='ocrx_word' id='word_1_202' title='bbox 664 2839 813 2906; x_wconf 84' lang='lat' dir='ltr'>trecentis</span> <span class='ocrx_word' id='word_1_203' title='bbox 827 2841 943 2906; x_wconf 82' lang='lat' dir='ltr'>cubitis</span> <span class='ocrx_word' id='word_1_204' title='bbox 953 2839 1050 2920; x_wconf 76' lang='lat' dir='ltr'>„siue</span> <span class='ocrx_word' id='word_1_205' title='bbox 1069 2845 1204 2931; x_wconf 82' lang='lat' dir='ltr'>pedibus</span> <span class='ocrx_word' id='word_1_206' title='bbox 1217 2865 1291 2930; x_wconf 84' lang='lat' dir='ltr'>qua·</span> 
     </span>
     <span class='ocr_line' id='line_1_30' title="bbox 234 2921 1292 3018; baseline -0.004 -18"><span class='ocrx_word' id='word_1_207' title='bbox 234 2929 408 3015; x_wconf 79' lang='lat' dir='ltr'>dringentis</span> <span class='ocrx_word' id='word_1_208' title='bbox 424 2927 455 2992; x_wconf 71' lang='grc' dir='ltr'><strong>ἃ</strong></span> <span class='ocrx_word' id='word_1_209' title='bbox 470 2923 717 3018; x_wconf 73' lang='lat' dir='ltr'>quinquaginta,</span> <span class='ocrx_word' id='word_1_210' title='bbox 738 2937 773 2986; x_wconf 94' lang='lat' dir='ltr'>ut</span> <span class='ocrx_word' id='word_1_211' title='bbox 789 2921 871 2990; x_wconf 81' lang='lat' dir='ltr'>infil</span> <span class='ocrx_word' id='word_1_212' title='bbox 884 2923 1079 2996; x_wconf 83' lang='lat' dir='ltr'>docebimus.</span> <span class='ocrx_word' id='word_1_213' title='bbox 1105 2927 1198 3016; x_wconf 83' lang='lat' dir='ltr'>Ignes</span> <span class='ocrx_word' id='word_1_214' title='bbox 1210 2927 1292 2996; x_wconf 84' lang='lat' dir='ltr'>verb</span> 
     </span>
     <span class='ocr_line' id='line_1_31' title="bbox 234 3003 1291 3092; baseline -0.005 -7"><span class='ocrx_word' id='word_1_215' title='bbox 234 3014 385 3086; x_wconf 83' lang='lat' dir='ltr'>collocati</span> <span class='ocrx_word' id='word_1_216' title='bbox 404 3013 433 3078; x_wconf 90' lang='lat' dir='ltr'>iii</span> <span class='ocrx_word' id='word_1_217' title='bbox 445 3011 511 3092; x_wconf 79' lang='lat' dir='ltr'>ejus</span> <span class='ocrx_word' id='word_1_218' title='bbox 522 3024 642 3072; x_wconf 85' lang='lat' dir='ltr'>vertice</span> <span class='ocrx_word' id='word_1_219' title='bbox 654 3003 800 3090; x_wconf 89' lang='lat' dir='ltr'>adparent</span> <span class='ocrx_word' id='word_1_220' title='bbox 811 3009 1033 3082; x_wconf 75' lang='lat' dir='ltr'>navipantibus</span> <span class='ocrx_word' id='word_1_221' title='bbox 1044 3013 1082 3080; x_wconf 87' lang='lat' dir='ltr'>ad</span> <span class='ocrx_word' id='word_1_222' title='bbox 1097 3025 1226 3082; x_wconf 88' lang='lat' dir='ltr'>centuni</span> <span class='ocrx_word' id='word_1_223' title='bbox 1242 3035 1291 3080; x_wconf 83' lang='lat' dir='ltr'>ua·</span> 
     </span>
     <span class='ocr_line' id='line_1_32' title="bbox 162 3087 1291 3186; baseline -0.004 -18"><span class='ocrx_word' id='word_1_224' title='bbox 162 3161 167 3168; x_wconf 92' lang='lat'>.</span> <span class='ocrx_word' id='word_1_225' title='bbox 237 3119 301 3186; x_wconf 83' lang='lat' dir='ltr'>que</span> <span class='ocrx_word' id='word_1_226' title='bbox 327 3094 470 3182; x_wconf 86' lang='lat' dir='ltr'>passuum</span> <span class='ocrx_word' id='word_1_227' title='bbox 493 3091 612 3168; x_wconf 87' lang='lat' dir='ltr'>millia,</span> <span class='ocrx_word' id='word_1_228' title='bbox 632 3087 816 3186; x_wconf 79' lang='lat' dir='ltr'>testantibus</span> <span class='ocrx_word' id='word_1_229' title='bbox 831 3089 864 3158; x_wconf 84' lang='lat' dir='ltr'>id</span> <span class='ocrx_word' id='word_1_230' title='bbox 886 3089 1040 3178; x_wconf 88' lang='lat' dir='ltr'>Graecis,</span> <span class='ocrx_word' id='word_1_231' title='bbox 1062 3095 1291 3176; x_wconf 82' lang='lat' dir='ltr'>Arabibua,&amp;</span> 
     </span>
     <span class='ocr_line' id='line_1_33' title="bbox 229 3173 1294 3274; baseline 0.005 -34"><span class='ocrx_word' id='word_1_232' title='bbox 229 3183 417 3265; x_wconf 65' lang='lat' dir='ltr'>quotidiana</span> <span class='ocrx_word' id='word_1_233' title='bbox 437 3193 600 3274; x_wconf 82' lang='lat' dir='ltr'>nautarum</span> <span class='ocrx_word' id='word_1_234' title='bbox 621 3191 823 3270; x_wconf 69' lang='lat' dir='ltr'>experientia.</span> <span class='ocrx_word' id='word_1_235' title='bbox 846 3173 943 3259; x_wconf 85' lang='lat' dir='ltr'>Atqui</span> <span class='ocrx_word' id='word_1_236' title='bbox 961 3195 1062 3248; x_wconf 88' lang='lat' dir='ltr'>tamen</span> <span class='ocrx_word' id='word_1_237' title='bbox 1088 3177 1294 3248; x_wconf 84' lang='lat' dir='ltr'>Geoirietriae</span> 
     </span>
     <span class='ocr_line' id='line_1_34' title="bbox 237 3255 1291 3348; baseline -0.004 -13"><span class='ocrx_word' id='word_1_238' title='bbox 237 3271 320 3336; x_wconf 85' lang='lat' dir='ltr'>ratio</span> <span class='ocrx_word' id='word_1_239' title='bbox 334 3268 395 3338; x_wconf 88' lang='lat' dir='ltr'>hoc</span> <span class='ocrx_word' id='word_1_240' title='bbox 410 3283 471 3332; x_wconf 91' lang='lat' dir='ltr'>nori</span> <span class='ocrx_word' id='word_1_241' title='bbox 487 3273 655 3344; x_wconf 74' lang='lat' dir='ltr'>permittit.</span> <span class='ocrx_word' id='word_1_242' title='bbox 678 3255 761 3323; x_wconf 90' lang='lat' dir='ltr'>Nam</span> <span class='ocrx_word' id='word_1_243' title='bbox 777 3257 797 3324; x_wconf 88' lang='lat' dir='ltr'>si</span> <span class='ocrx_word' id='word_1_244' title='bbox 812 3258 896 3326; x_wconf 73' lang='lat' dir='ltr'>recta</span> <span class='ocrx_word' id='word_1_245' title='bbox 912 3261 949 3332; x_wconf 84' lang='lat' dir='ltr'>iit</span> <span class='ocrx_word' id='word_1_246' title='bbox 967 3261 1064 3343; x_wconf 90' lang='lat' dir='ltr'>linea,</span> <span class='ocrx_word' id='word_1_247' title='bbox 1088 3281 1169 3348; x_wconf 86' lang='lat' dir='ltr'>quae</span> <span class='ocrx_word' id='word_1_248' title='bbox 1185 3261 1204 3330; x_wconf 73' lang='lat' dir='ltr'>a</span> <span class='ocrx_word' id='word_1_249' title='bbox 1220 3284 1291 3331; x_wconf 86' lang='lat' dir='ltr'>ver·</span> 
     </span>
     <span class='ocr_line' id='line_1_35' title="bbox 235 3344 1294 3439; baseline 0.003 -24"><span class='ocrx_word' id='word_1_250' title='bbox 235 3350 300 3418; x_wconf 89' lang='lat' dir='ltr'>tice</span> <span class='ocrx_word' id='word_1_251' title='bbox 331 3348 423 3422; x_wconf 78' lang='lat' dir='ltr'>Phari</span> <span class='ocrx_word' id='word_1_252' title='bbox 449 3344 624 3429; x_wconf 87' lang='lat' dir='ltr'>procedens</span> <span class='ocrx_word' id='word_1_253' title='bbox 657 3355 769 3408; x_wconf 88' lang='lat' dir='ltr'>terrain</span> <span class='ocrx_word' id='word_1_254' title='bbox 791 3357 899 3439; x_wconf 77' lang='lat' dir='ltr'>tangat</span> <span class='ocrx_word' id='word_1_255' title='bbox 920 3346 951 3412; x_wconf 90' lang='lat' dir='ltr'>in</span> <span class='ocrx_word' id='word_1_256' title='bbox 974 3347 1142 3416; x_wconf 88' lang='lat' dir='ltr'>centeliino</span> <span class='ocrx_word' id='word_1_257' title='bbox 1166 3347 1294 3418; x_wconf 85' lang='lat' dir='ltr'>demum</span> 
     </span>
    </p>
   </div>
   <div class='ocr_carea' id='block_1_8' title="bbox 236 3421 1289 3516">
    <p class='ocr_par' dir='ltr' id='par_1_9' title="bbox 236 3421 1289 3516">
     <span class='ocr_line' id='line_1_36' title="bbox 236 3421 1289 3516; baseline -0.004 -14"><span class='ocrx_word' id='word_1_258' title='bbox 236 3431 383 3514; x_wconf 82' lang='lat' dir='ltr'>milliari,</span> <span class='ocrx_word' id='word_1_259' title='bbox 411 3434 471 3514; x_wconf 76' lang='lat' dir='ltr'>iam</span> <span class='ocrx_word' id='word_1_260' title='bbox 500 3449 522 3496; x_wconf 91' lang='lat' dir='ltr'>o</span> <span class='ocrx_word' id='word_1_261' title='bbox 565 3440 666 3496; x_wconf 82' lang='lat' dir='ltr'>rtuiei</span> <span class='ocrx_word' id='word_1_262' title='bbox 688 3421 779 3494; x_wconf 83' lang='lat' dir='ltr'>Phari</span> <span class='ocrx_word' id='word_1_263' title='bbox 799 3427 997 3498; x_wconf 79' lang='lat' dir='ltr'>altitudinem</span> <span class='ocrx_word' id='word_1_264' title='bbox 1018 3429 1138 3516; x_wconf 88' lang='lat' dir='ltr'>septem</span> <span class='ocrx_word' id='word_1_265' title='bbox 1154 3431 1289 3500; x_wconf 89' lang='lat' dir='ltr'>millium</span> 
     </span>
    </p>
   </div>
   <div class='ocr_carea' id='block_1_9' title="bbox 237 3505 1375 3608">
    <p class='ocr_par' dir='ltr' id='par_1_10' title="bbox 237 3505 1375 3608">
     <span class='ocr_line' id='line_1_37' title="bbox 237 3505 1375 3608; baseline -0.004 -24"><span class='ocrx_word' id='word_1_266' title='bbox 237 3513 495 3584; x_wconf 83' lang='lat' dir='ltr'>ducentorum&amp;</span> <span class='ocrx_word' id='word_1_267' title='bbox 524 3510 707 3608; x_wconf 65' lang='lat' dir='ltr'>eptuaginta</span> <span class='ocrx_word' id='word_1_268' title='bbox 724 3505 1017 3590; x_wconf 76' lang='lat' dir='ltr'>oetoessepeduin.</span> <span class='ocrx_word' id='word_1_269' title='bbox 1061 3513 1163 3582; x_wconf 86' lang='lat' dir='ltr'>Poslta</span> <span class='ocrx_word' id='word_1_270' title='bbox 1183 3516 1294 3601; x_wconf 82' lang='lat' dir='ltr'>itaque</span> <span class='ocrx_word' id='word_1_271' title='bbox 1374 3519 1375 3556; x_wconf 67' lang='lat' dir='ltr'>l</span> 
     </span>
    </p>
   </div>
   <div class='ocr_carea' id='block_1_10' title="bbox 224 3590 1296 4026">
    <p class='ocr_par' dir='ltr' id='par_1_11' title="bbox 224 3590 1296 4026">
     <span class='ocr_line' id='line_1_38' title="bbox 237 3590 1292 3678; baseline -0.002 -12"><span class='ocrx_word' id='word_1_272' title='bbox 237 3619 312 3668; x_wconf 85' lang='lat' dir='ltr'>uera</span> <span class='ocrx_word' id='word_1_273' title='bbox 334 3597 426 3666; x_wconf 87' lang='lat' dir='ltr'>Phari</span> <span class='ocrx_word' id='word_1_274' title='bbox 439 3595 626 3676; x_wconf 86' lang='lat' dir='ltr'>altitudine,</span> <span class='ocrx_word' id='word_1_275' title='bbox 648 3591 715 3665; x_wconf 88' lang='lat' dir='ltr'>fieri</span> <span class='ocrx_word' id='word_1_276' title='bbox 732 3595 794 3660; x_wconf 86' lang='lat' dir='ltr'>nnn</span> <span class='ocrx_word' id='word_1_277' title='bbox 813 3590 902 3678; x_wconf 85' lang='lat' dir='ltr'>posse</span> <span class='ocrx_word' id='word_1_278' title='bbox 914 3596 1060 3678; x_wconf 79' lang='lat' dir='ltr'>videtur,</span> <span class='ocrx_word' id='word_1_279' title='bbox 1077 3617 1111 3667; x_wconf 92' lang='lat' dir='ltr'>ut</span> <span class='ocrx_word' id='word_1_280' title='bbox 1128 3595 1216 3665; x_wconf 83' lang='lat' dir='ltr'>facea</span> <span class='ocrx_word' id='word_1_281' title='bbox 1228 3615 1292 3666; x_wconf 87' lang='lat' dir='ltr'>tani</span> 
     </span>
     <span class='ocr_line' id='line_1_39' title="bbox 235 3673 1292 3768; baseline -0.007 -14"><span class='ocrx_word' id='word_1_282' title='bbox 235 3685 324 3756; x_wconf 88' lang='lat' dir='ltr'>vasto</span> <span class='ocrx_word' id='word_1_283' title='bbox 348 3679 447 3764; x_wconf 81' lang='lat' dir='ltr'>spatio</span> <span class='ocrx_word' id='word_1_284' title='bbox 471 3676 647 3766; x_wconf 84' lang='lat' dir='ltr'>adpareant.</span> <span class='ocrx_word' id='word_1_285' title='bbox 675 3673 904 3764; x_wconf 81' lang='lat' dir='ltr'>Quadringenti</span> <span class='ocrx_word' id='word_1_286' title='bbox 917 3681 1003 3748; x_wconf 89' lang='lat' dir='ltr'>eninr</span> <span class='ocrx_word' id='word_1_287' title='bbox 1019 3683 1050 3748; x_wconf 82' lang='lat' dir='ltr'>di</span> <span class='ocrx_word' id='word_1_288' title='bbox 1069 3681 1292 3768; x_wconf 75' lang='lat' dir='ltr'>quinquaginta</span> 
     </span>
     <span class='ocr_line' id='line_1_40' title="bbox 224 3759 1290 3856; baseline -0.009 -24"><span class='ocrx_word' id='word_1_289' title='bbox 224 3769 331 3856; x_wconf 81' lang='lat' dir='ltr'>‚pedes</span> <span class='ocrx_word' id='word_1_290' title='bbox 345 3761 538 3846; x_wconf 79' lang='lat' dir='ltr'>altitudinis,</span> <span class='ocrx_word' id='word_1_291' title='bbox 560 3761 680 3829; x_wconf 87' lang='lat' dir='ltr'>dabunt</span> <span class='ocrx_word' id='word_1_292' title='bbox 696 3763 807 3830; x_wconf 89' lang='lat' dir='ltr'>lineam</span> <span class='ocrx_word' id='word_1_293' title='bbox 829 3759 915 3827; x_wconf 85' lang='lat' dir='ltr'>visui</span> <span class='ocrx_word' id='word_1_294' title='bbox 934 3766 1050 3849; x_wconf 82' lang='lat' dir='ltr'>pedum</span> <span class='ocrx_word' id='word_1_295' title='bbox 1078 3773 1290 3852; x_wconf 66' lang='lat'>12434725222</span> 
     </span>
     <span class='ocr_line' id='line_1_41' title="bbox 235 3843 1293 3934; baseline -0.004 -16"><span class='ocrx_word' id='word_1_296' title='bbox 235 3872 317 3932; x_wconf 61' lang='lat' dir='ltr'>uuae,</span> <span class='ocrx_word' id='word_1_297' title='bbox 329 3843 467 3922; x_wconf 83' lang='lat' dir='ltr'>mensurii</span> <span class='ocrx_word' id='word_1_298' title='bbox 481 3866 543 3916; x_wconf 87' lang='lat' dir='ltr'>nun</span> <span class='ocrx_word' id='word_1_299' title='bbox 561 3861 628 3918; x_wconf 80' lang='lat' dir='ltr'>tota</span> <span class='ocrx_word' id='word_1_300' title='bbox 648 3843 762 3930; x_wconf 83' lang='lat' dir='ltr'>viginti</span> <span class='ocrx_word' id='word_1_301' title='bbox 782 3843 925 3931; x_wconf 86' lang='lat' dir='ltr'>quinque</span> <span class='ocrx_word' id='word_1_302' title='bbox 939 3847 1085 3934; x_wconf 81' lang='lat' dir='ltr'>passuum</span> <span class='ocrx_word' id='word_1_303' title='bbox 1103 3852 1202 3918; x_wconf 89' lang='lat' dir='ltr'>millia</span> <span class='ocrx_word' id='word_1_304' title='bbox 1216 3866 1293 3914; x_wconf 89' lang='lat' dir='ltr'>cun·</span> 
     </span>
     <span class='ocr_line' id='line_1_42' title="bbox 224 3926 1296 4026; baseline -0.001 -27"><span class='ocrx_word' id='word_1_305' title='bbox 224 3936 314 4010; x_wconf 76' lang='lat' dir='ltr'>,licit</span> <span class='ocrx_word' id='word_1_306' title='bbox 360 3931 459 4008; x_wconf 82' lang='lat' dir='ltr'>Vides</span> <span class='ocrx_word' id='word_1_307' title='bbox 476 3930 583 4016; x_wconf 87' lang='lat' dir='ltr'>itaque</span> <span class='ocrx_word' id='word_1_308' title='bbox 598 3926 664 3996; x_wconf 78' lang='lat' dir='ltr'>uti</span> <span class='ocrx_word' id='word_1_309' title='bbox 679 3927 854 4016; x_wconf 79' lang='lat' dir='ltr'>quadruplo</span> <span class='ocrx_word' id='word_1_310' title='bbox 875 3934 984 4026; x_wconf 81' lang='lat' dir='ltr'>majori</span> <span class='ocrx_word' id='word_1_311' title='bbox 999 3931 1101 4015; x_wconf 84' lang='lat' dir='ltr'>spatio</span> <span class='ocrx_word' id='word_1_312' title='bbox 1113 3931 1203 4000; x_wconf 86' lang='lat' dir='ltr'>iaces</span> <span class='ocrx_word' id='word_1_313' title='bbox 1216 3933 1296 4000; x_wconf 84' lang='lat' dir='ltr'>Pha·</span> 
     </span>
    </p>
   </div>
   <div class='ocr_carea' id='block_1_11' title="bbox 222 4011 1375 4120">
    <p class='ocr_par' dir='ltr' id='par_1_12' title="bbox 222 4011 1375 4120">
     <span class='ocr_line' id='line_1_43' title="bbox 222 4011 1375 4120; baseline -0.013 -35"><span class='ocrx_word' id='word_1_314' title='bbox 222 4037 300 4100; x_wconf 43' lang='lat' dir='ltr'>‘rite&#39;</span> <span class='ocrx_word' id='word_1_315' title='bbox 313 4017 483 4118; x_wconf 76' lang='lat' dir='ltr'>udpurcpni</span> <span class='ocrx_word' id='word_1_316' title='bbox 491 4057 504 4098; x_wconf 80' lang='lat'>,</span> <span class='ocrx_word' id='word_1_317' title='bbox 518 4011 712 4120; x_wconf 71' lang='lat' dir='ltr'>quhmratio</span> <span class='ocrx_word' id='word_1_318' title='bbox 727 4029 921 4114; x_wconf 72' lang='lat' dir='ltr'>geometrrea</span> <span class='ocrx_word' id='word_1_319' title='bbox 931 4019 1122 4112; x_wconf 79' lang='lat' dir='ltr'>permittere</span> <span class='ocrx_word' id='word_1_320' title='bbox 1139 4016 1296 4086; x_wconf 81' lang='lat' dir='ltr'>videatur.</span> <span class='ocrx_word' id='word_1_321' title='bbox 1374 4055 1375 4070; x_wconf 69' lang='lat'>.</span> 
     </span>
    </p>
   </div>
   <div class='ocr_carea' id='block_1_12' title="bbox 218 4097 1298 4192">
    <p class='ocr_par' dir='ltr' id='par_1_13' title="bbox 218 4097 1298 4192">
     <span class='ocr_line' id='line_1_44' title="bbox 218 4097 1298 4192; baseline -0.007 -19"><span class='ocrx_word' id='word_1_322' title='bbox 218 4156 227 4170; x_wconf 97' lang='lat'>.</span> <span class='ocrx_word' id='word_1_323' title='bbox 290 4162 315 4178; x_wconf 77' lang='grc'>..</span> <span class='ocrx_word' id='word_1_324' title='bbox 337 4129 364 4176; x_wconf 83' lang='lat' dir='ltr'>.i</span> <span class='ocrx_word' id='word_1_325' title='bbox 682 4156 689 4180; x_wconf 85' lang='lat'>.</span> <span class='ocrx_word' id='word_1_326' title='bbox 1198 4097 1298 4192; x_wconf 77' lang='lat' dir='ltr'>Quod</span> 
     </span>
    </p>
   </div>
   <div class='ocr_carea' id='block_1_13' title="bbox 0 0 1389 4554">
    <p class='ocr_par' dir='ltr' id='par_1_14' title="bbox 0 0 1389 4554">
     <span class='ocr_line' id='line_1_45' title="bbox 0 0 1389 4554; baseline 0 0"><span class='ocrx_word' id='word_1_327' title='bbox 0 0 1389 4554; x_wconf 95' lang='lat' dir='ltr'> </span> 
     </span>
    </p>
   </div>
  </div>
 </body>
</html>
