2708 4558
167 281 237 364 ΑΒ
260 282 406 364 ΡΟΜΡ.
429 281 628 366 Manem.
651 287 732 370 Lan
751 285 781 362 1.
807 285 891 366 Cae.
908 283 954 364 11.
1004 291 1081 380 565

84 446 403 627 {tomelli
419 434 1080 626 aelniilllliitia‘rlzqi
1125 597 1134 626 ,

86 613 167 692 tiit,
187 631 268 757 quos
287 609 493 708 Heratiotua,
506 613 537 678 ot
548 612 620 692 altt,
635 613 673 678 ad
688 613 829 678 dextram
845 609 969 696 Haiyos
986 611 1076 682 fluvit

85 713 191 764 recen
206 712 273 760 ent.
314 692 405 760 Male
423 693 503 768 vero
515 693 641 780 quidam
661 693 713 762 hic
729 693 856 764 lllartlas
875 709 1023 775 tuentur,
1044 695 1078 764 ot

87 795 208 848 contra
225 777 324 852 libros
340 777 625 844 veteres&cantra
641 777 805 845 veritatem
822 774 939 862 ipsam,
960 795 1077 862 nempe

88 879 135 926 ex
165 859 321 928 Herodoti
345 857 475 939 Thalia,
502 855 678 942 Μάκρωσι,
706 863 758 924 rtatl
777 857 1004 930 Monoleum,
1024 863 1077 932 atati

88 941 253 1026 Μοὶρόοοοο
281 943 428 1024 τριηκόσιοι
453 939 590 1008 retem
621 947 776 1026 apertiora.
821 941 881 1010 sed
912 941 988 1010 nulli
1007 941 1074 1010 illic

96 1044 257 1092 terrarum
279 1043 411 1106 unquam
434 1023 531 1098 fuere,
547 1024 664 1092 Mardi.
706 1023 833 1094 Norant
853 1025 922 1092 Viti
941 1023 1026 1097 dotti
1045 1026 1078 1097 in

92 1109 171 1178 aliis
202 1107 368 1176 endicibut
394 1103 484 1172 scribi
511 1105 666 1192 Malpmer.
715 1107 806 1194 Lego
826 1103 946 1190 Μοοοί.
970 1105 1077 1172 Mares

93 1191 234 1288 populun
249 1191 370 1258 vicinus
381 1187 596 1278 Mosyooecit.
634 1189 831 1274 Stephanus,
851 1188 983 1272 Molpea.
1001 1189 1077 1262 lime

93 1293 241 1432 ἓροοῶᾔεο
260 1269 465 1342 Marmaricae·
513 1273 666 1348 Meminit
683 1291 792 1344 eorum
808 1273 882 1346 alibi
898 1269 964 1356 ipse
981 1275 1077 1340 etiam

137 1376 158 1422 e
215 1373 297 1424 orat.

145 1439 167 1506 1.
189 1441 254 1506 etti.
276 1435 321 1506 Et
345 1435 459 1506 maiora
470 1433 538 1528 jam
564 1437 681 1508 mmiaa
704 1433 815 1522 Medi]
846 1437 896 1506 Ex
917 1437 1080 1508 veteribus

98 1518 190 1590 libris
210 1519 398 1608 reposuimus
411 1523 552 1590 Amo-al.
594 1525 733 1610 Agonus
756 1519 836 1588 vero
856 1523 896 1586 de
914 1520 961 1586 iris
980 1519 1076 1595 iniri.

146 1605 169 1673 1.
188 1627 244 1692 54.
271 1605 438 1688 Μιοποπί,
471 1607 599 1694 Vegeti,
631 1607 834 1690 Cappadoces,
865 1602 1078 1692 Gallograeci]

91 1685 146 1756 ita
160 1689 275 1759 habent
300 1687 425 1758 codices
440 1691 588 1770 nonnulli.
638 1689 671 1756 In
694 1691 765 1760 aliis
781 1683 860 1754 vero
875 1687 963 1754 libris
985 1705 1077 1758 manu

93 1774 231 1843 auaris
249 1773 310 1840 hoc
324 1771 515 1840 modoloeut
532 1775 583 1842 hie
598 1769 976 1856 coneipituoaorarani,
991 1771 1077 1838 Var-

92 1859 181 1958 gett',
203 1857 400 1940 Cappadoces,
421 1855 541 1922 Graeci.
583 1851 726 1921 Mariani
745 1855 862 1943 poafiot
879 1853 955 1927 dieti
974 1851 1075 1922 videri

96 1933 1078 2106 5131111οὲ11ἓέ1111111113111111111111

95 2105 206 2174 Ponto
227 2105 371 2186 Euxino,
395 2105 426 2172 lt
446 2099 558 2178 iserie
578 2105 742 2189 gentium,
764 2121 842 2190 quas
858 2103 911 2180 hic
924 2099 1080 2174 recenset.

97 2189 268 2256 Praeterea
281 2187 351 2254 clun
369 2187 489 2270 inquiat
505 2185 536 2252 se
552 2187 676 2254 notiora
693 2185 745 2254 bic
760 2188 882 2254 nomina
899 2185 1080 2264 recensete,

96 2273 204 2356 patilo
232 2271 369 2343 adducor
390 2286 425 2335 ut
445 2271 567 2342 credant
591 2275 636 2340 ira
661 2287 731 2336 euro
748 2267 805 2335 seri
829 2265 919 2348 lose,
940 2267 1080 2338 Mariua-

95 2357 190 2436 tiymi,
215 2351 343 2434 Veneti,
363 2353 562 2437 Cappadoces,
585 2353 783 2438 Gallograeci.
845 2353 1028 2440 ariaodynos
1043 2351 1077 2421 ἀ

97 2441 147 2507 alii
170 2455 247 2504 cum
272 2437 406 2506 Henetis
429 2439 597 2505 nominant.
645 2434 722 2510 Nan
745 2433 825 2502 vero
843 2434 928 2502 telle
950 2437 1077 2524 quidam

100 2521 233 2588 Henetus
258 2521 378 2607 ubique
393 2537 546 2606 reponunt
566 2539 627 2604 pro
639 2519 787 2598 Venetiae
806 2534 975 2606 utrumque
993 2519 1079 2586 enim

98 2605 208 2673 dixere
223 2603 368 2672 Veteres.

135 2690 158 2756 1.
182 2706 237 2772 57.
260 2681 389 2752 Eaedem
405 2695 508 2775 genter
530 2687 674 2752 interiora
692 2685 782 2750 littra
805 2683 929 2770 tenent]
952 2681 1077 2770 Mirum

100 2789 251 2854 quantum
270 2771 359 2838 loeus
378 2773 429 2837 iric
452 2771 593 2838 excreuit
616 2769 713 2838 Virot
736 2769 896 2846 eruditor,
919 2763 1079 2852 quinque

101 2856 153 2926 hle
169 2855 276 2924 omnia
292 2853 475 2934 turbarunt,
489 2867 526 2920 ut
539 2849 656 2920 sensum
669 2853 803 2938 aliquem
819 2851 988 2920 efficerent.
1033 2851 1079 2918 Et

101 2937 247 3016 tamenit
273 2935 415 3004 ordinato
436 2933 608 3022 seriemque
632 2934 741 3002 Melae
760 2931 989 3012 adtendisseot,
1017 2953 1078 3000 noo

102 3037 210 3089 tantos
223 3019 264 3086 de
283 3017 403 3100 tantilla
417 3039 449 3084 re
462 3019 574 3090 fluens
588 3015 846 3088 commovissent.
876 3015 976 3086 Possit
988 3015 1080 3092 alicui

103 3103 206 3171 videri
221 3101 388 3188 legendum
402 3099 455 3170 hic
465 3101 532 3170 esse
539 3147 552 3182 ‚
566 3103 718 3173 anteriora
731 3101 831 3168 litora.
875 3099 993 3166 Verum
1007 3117 1081 3166 coo·

101 3185 269 3254 stdetemtte
291 3187 439 3266 modum,
469 3204 563 3272 quem
590 3186 692 3260 tenuit
716 3183 806 3256 Mela
826 3181 858 3252 in
882 3179 1082 3252 describenda

101 3269 182 3338 Alia.
224 3267 391 3354 Postquam
412 3267 524 3350 urdot,
543 3271 655 3344 Seras.
677 3269 709 3334 lt
729 3265 881 3354 Scyrius,
903 3267 1078 3348 quitatum

103 3351 193 3422 Aliae
209 3351 339 3422 trullum
356 3351 537 3420 orientalem
554 3349 734 3446 posfideor,
753 3349 947 3428 nominavit,
968 3345 1081 3424 austra·

103 3435 164 3504 lem
183 3453 273 3508 mam
290 3433 440 3504 desernit
450 3483 461 3518 ‚
479 3437 511 3502 in
524 3453 622 3520 eaque
633 3431 781 3500 descrrbit
797 3431 948 3507 Arianos,
969 3429 1084 3510 Arion,

108 3515 292 3600 Gedrosot,
310 3517 439 3602 Persas,
461 3517 578 3588 Arabae
592 3518 624 3584 lt
636 3515 819 3599 Aetitiopas.
862 3513 993 3584 Transit
1010 3515 1082 3583 dein

17 3645 18 3660 .
107 3603 144 3672 ad
159 3620 280 3687 partem
302 3603 482 3683 borealem,
506 3601 539 3668 lt
554 3599 593 3666 ad
607 3599 759 3682 reliquam
779 3597 929 3696 Scythiae
941 3615 1084 3681 partem,

168 3701 280 3770 terque
304 3685 427 3774 aliquot
446 3683 633 3782 Scythicae,
654 3684 755 3766 iisque
774 3682 892 3748 vicrnar
912 3699 1079 3750 enumerat.

78 3773 84 3782 '
109 3701 217 3834 {legitis
231 3769 299 3838 dein
315 3767 422 3838 traniir
432 3769 476 3836 ad
489 3767 560 3836 tlloe
575 3768 729 3852 populos,
747 3783 826 3846 quos
837 3765 981 3832 interiora
994 3763 1084 3842 Afrae

110 3847 246 3934 obiere
256 3851 383 3946 inquit,
393 3849 512 3949 quique
524 3845 945 4030 sfythidiisibgmdumur’
963 3865 1086 4022 caragio-
