2764 4552
252 227 320 316 sta
372 213 434 304 ts.
464 159 661 296 nosen
695 213 1187 295 orsnnvnrtonns

257 379 342 460 endis
364 399 412 452 11.
435 377 489 454 lib,
514 393 560 442 vt.
575 393 647 460 oap.
664 393 693 446 1.
717 393 819 444 narrat
835 375 996 442 Malaccae
1008 377 1196 464 eontigisie3
1216 377 1301 466 tigris

258 466 329 540 <lem
347 479 456 546 nempe
476 457 620 543 ¹superato
641 477 752 540 muro,
783 462 923 537 trabem,
946 461 996 526 cui
1012 462 1136 546 alligata
1150 468 1288 536 erantnis

259 546 410 692 manpipila
420 539 622 666 ,fabripuisse
634 585 646 622 ,
657 561 694 612 ac
708 559 798 622 tanto
812 539 944 628 pressam
961 563 1055 615 onere
1069 563 1192 614 mutum
1204 548 1290 614 denuo

270 643 327 692 'an
348 646 388 690 un
401 645 477 690 ase.

259 648 288 707 u
301 711 321 776 l.
345 717 394 792 87.
417 706 567 772 thrnrlius
583 705 682 790 inpos
697 717 731 771 ut
746 708 891 773 recentior
903 707 1099 791 notioritote,
1116 707 1160 788 fic
1176 709 1291 794 certio]

260 792 376 876 inepta
391 791 510 870 leeli03
534 792 610 876 quid
625 791 709 866 enim
725 790 770 858 est
782 787 957 855 oniiorittte
973 793 1107 858 certior?
1129 793 1224 860 Manu
1237 813 1294 857 eta-

258 877 317 954 rati
337 876 425 956 libri,
445 885 480 938 ul
500 877 662 949 recentior,
691 877 738 937 ito
763 872 938 948 oulioriioie
957 878 1082 958 certior,
1106 873 1295 958 quodnequi

257 961 412 1043 ineptum.
437 957 566 1044 Scripsit
589 955 697 1036 Mela,
717 967 752 1019 ut
775 961 917 1022 recentior
932 957 1064 1040 Auilor,
1085 961 1253 1024 nocentior.

300 1043 323 1124 l.
344 1059 396 1118 οι.
418 1038 507 1123 indos
519 1039 653 1124 quostiam
670 1038 689 1102 u
707 1037 788 1125 Rege
807 1041 965 1104 Suanorum
984 1045 1054 1109 dono
1062 1040 1124 1120 fibi
1143 1040 1245 1122 notor]
1259 1035 1298 1104 Itt

261 1144 302 1202 ex
329 1124 435 1200 Plinio
462 1123 544 1189 hunc
573 1124 679 1188 locum
697 1125 861 1190 ementiare
883 1140 1014 1196 conatus
1046 1123 1093 1190 est
1126 1124 1300 1191 Hermolaus

259 1207 434 1286 Barbatus,
456 1206 528 1277 clun
565 1207 627 1271 rius
648 1205 806 1290 legeretur
828 1205 964 1270 Boiorum
996 1207 1059 1274 Sed
1084 1227 1191 1292 neque
1206 1209 1298 1284 Boiis,

259 1309 365 1377 neque
381 1289 518 1372 Snevis,
540 1225 629 1356 fiscus
643 1287 696 1354 hle
707 1285 776 1354 esse
812 1287 911 1368 otest;
932 1289 1003 1355 curn
1017 1291 1086 1356 Boii
1099 1293 1163 1356 toti
1182 1291 1237 1362 smt
1248 1308 1299 1353 meq

261 1373 452 1454 ditenanei,
474 1373 570 1440 Suevi
588 1367 669 1436 vero
687 1375 718 1438 in
736 1307 823 1439 nulfo
838 1369 957 1456 scripto
973 1373 1086 1438 codiee
1097 1393 1170 1440 nom
1195 1389 1299 1451 areant„

261 1457 335 1542 Ego
351 1456 392 1534 irc
410 1454 510 1526 sentio
526 1498 537 1532 ,
555 1457 660 1521 locum
677 1449 745 1518 ene
753 1455 979 1537 corruptum&
996 1474 1105 1522 veram
1125 1393 1193 1520 eng
1206 1455 1299 1520 leelin-

262 1559 351 1618 nem,
375 1557 468 1636 quam
482 1540 512 1606 in
530 1537 660 1622 optimis
672 1537 793 1622 aliquot
807 1537 970 1614 codicibus
988 1540 1092 1624 reperi
1103 1583 1116 1620 ‚
1135 1539 1299 1622 Menon,

260 1641 324 1700 non
339 1621 493 1706 Bostram,
515 1638 568 1686 sut
578 1619 736 1700 Botorum,
758 1637 811 1684 aut
828 1623 925 1687 etism
940 1621 1094 1705 Lydorum
1103 1666 1116 1699 ,
1139 1624 1184 1689 uti
1200 1621 1299 1700 habent

263 1705 316 1786 alii
337 1723 426 1769 manu
445 1705 562 1768 exorati
583 1703 666 1788 libri.
696 1703 785 1770 Baeti
800 1697 873 1768 sunt
887 1705 1010 1771 Batavi.
1043 1706 1099 1771 Sic
1122 1721 1296 1801 quoqueap

235 1838 239 1844 .
261 1787 414 1890 pellantur
428 1785 460 1868 in
483 1785 585 1872 lapide
600 1786 760 1866 trilaterali
777 1787 859 1878 apud
881 1805 940 1856 nos
958 1803 1107 1878 repeton
1204 1795 1209 1804 '

607 1950 738 2034 IMP.
782 1951 965 2025 CAES-

1002 2035 1005 2042 v

259 2451 374 2534 strabo
387 2445 520 2528 Βέπους
545 2466 644 2522 vocat
661 2451 822 2519 Batavos:
845 2472 948 2540 neque
971 2456 1052 2522 enim
1071 2459 1175 2544 probo
1188 2457 1296 2526 illorum

261 2535 473 2632 eonjesturam
496 2532 548 2629 qui
566 2531 707 2603 Xoitrtot
727 2553 895 2632 reponunt.
920 2537 1047 2624 Nempe
1063 2544 1105 2610 ab
1127 2563 1202 2630 agro
1217 2539 1297 2606 litlot

262 2618 318 2692 nel
345 2618 480 2698 Bottuo,
502 2633 547 2682 un
568 2618 664 2687 habet
695 2617 860 2698 Atmomus
881 2618 1082 2706 Monachus,
1114 2627 1214 2692 variae
1237 2620 1296 2688 iun

263 2716 487 2788 promanarunt
504 2701 751 2784 appellationes,
775 2704 900 2784 quae&
916 2703 1068 2788 inlibris,
1086 2709 1119 2776 ut
1136 2711 1166 2776 in
1178 2702 1296 2790 antiquis

264 2799 448 2867 comparent
467 2786 696 2880 marmoribus,
718 2787 826 2868 quales
846 2785 937 2866 sunt,
958 2788 1049 2866 Boii,
1073 2791 1177 2872 Baeti,
1199 2787 1296 2861 Boni,

260 2867 361 2948 liuilni
382 2864 563 2948 &dentque
578 2866 700 2935 Batavi.
724 2869 841 2936 Verum
854 2871 893 2935 de
909 2871 955 2938 his
972 2873 1002 2938 in
1019 2874 1175 2940 Botooicir
1187 2869 1292 2942 nomin

259 2951 402 3044 Sufficiat
419 2947 560 3022 breviter
573 2950 736 3017 ostendisse
748 2951 853 3016 Boetos
869 2953 1101 3025 istosCornelii
1115 2957 1294 3041 Nepotises·

262 3031 295 3098 se
316 3035 463 3129 Botoros,
485 3033 695 3126 &perperam
717 3033 825 3100 Suevos
838 3033 1027 3112 substituisse
1038 3041 1202 3121 Plinium,
1223 3049 1296 3104 more

259 3112 338 3214 suo,
359 3133 393 3180 ut
414 3133 476 3215 mm
496 3117 604 3212 multis
630 3118 660 3184 in
687 3117 998 3217 locis,·0ll·endlmus.¹
1040 3124 1101 3190 Per
1121 3125 1212 3192 ludos
1230 3114 1291 3184 tero

262 3201 337 3266 illos
379 3217 433 3280 qut
452 3219 483 3266 m
501 3199 575 3275 litus
595 3201 745 3281 Batavum
760 3201 877 3285 ηοω,
898 3205 929 3269 ut
948 3203 1054 3288 polles
1073 3207 1214 3276 Metello
1223 3203 1293 3268 dono

262 3283 325 3379 dati
341 3247 453 3379 fuere,
479 3283 618 3368 intellige
643 3283 882 3352 lmrnines'Indis
895 3287 1025 3354 similes:
1038 3288 1164 3359 stultum
1177 3297 1307 3380 namquo¹

260 3364 435 3440 existimare
450 3383 543 3430 veros
556 3364 654 3437 Indos
667 3388 713 3448 eo
735 3385 836 3452 usque
855 3385 1018 3452 penetrare
1038 3373 1188 3458 potuisse.
1208 3369 1291 3514 Cuge-¹

263 3466 311 3514 tes
332 3445 412 3512 vero
427 3447 473 3512 illi
490 3445 632 3532 fuerint,
654 3469 691 3517 an
713 3449 805 3530 Afri,
827 3469 864 3518 an
885 3451 1082 3538 Americani,
1105 3460 1233 3532 inultum
1266 3466 1291 3510 ὅ·

245 3533 319 3606 ωε
337 3527 488 3606 sollicitos
504 3550 672 3616 nugatores
685 3534 845 3620 quostiam.
889 3536 962 3622 Ego
979 3554 1124 3616 neutrum
1140 3555 1232 3627 puto;
1248 3527 1290 3596 sed

261 3615 388 3692 omnino
403 3613 537 3679 arbitror
560 3615 636 3682 istos
658 3615 757 3682 Indici
772 3615 889 3684 coloris
907 3620 1067 3702 homines,
1091 3642 1184 3690 veros
1207 3609 1289 3684 fuisse

260 3701 437 3769 Britannos.
464 3693 552 3770 lintis
569 3701 653 3765 enim
671 3699 788 3777 herba,
808 3697 872 3781 qut
891 3703 969 3768 olim
990 3703 1127 3772 Britanni
1142 3719 1237 3774 totum
1249 3695 1289 3762 f·

260 3785 371 3862 orbant
394 3798 527 3868 corpus,
564 3801 629 3847 non
652 3779 834 3868 fimpliciter
862 3786 1058 3867 caeruleum,
1085 3785 1139 3856 sed
1165 3784 1288 3872 Indicum

255 3867 352 3946 affieit
369 3865 524 3941 colorent,
564 3861 690 3946 Notum
712 3864 793 3948 uero
816 3885 914 3952 genus
932 3870 1090 3952 quoddam
1108 3867 1239 3939 caerulei
1251 3879 1288 3924 ot·

1213 3957 1290 4048 oo
