2754 4552
226 133 1067 310 ou'7nnntcartonas

221 385 306 440 cent.
348 365 438 458 Quae
455 359 534 428 mibi
550 355 625 424 satis
642 353 797 442 superque
819 353 912 437 hujus
929 353 976 419 rei
990 345 1095 438 perito
1111 348 1207 414 unica
1229 367 1295 416 ma·

222 451 366 522 tutandae
381 445 546 524 editionis,
560 444 611 508 vel
626 437 876 526 praecipitandae
888 439 1017 520 potius,
1030 438 1114 502 ratio
1124 433 1204 499 fuit.
1228 431 1292 500 Sed

221 554 256 606 ut
274 537 311 600 ad
330 531 505 600 institutum
525 530 673 606 veniam,
701 540 781 604 quae
797 535 851 586 aut
874 538 940 585 non
956 518 1029 585 satis
1046 516 1132 585 recle
1154 515 1289 583 distairi

222 618 433 700 Pomponium
449 611 515 680 visu
534 609 626 692 sunt,
646 624 700 675 auc
711 603 843 687 omissa,
866 621 946 690 quae
963 605 1030 672 dici
1045 623 1108 670 non
1125 599 1289 668 inutiliter
1347 623 1348 648 ι

226 719 376 792 potuere,
397 699 505 785 paucis
527 696 693 781 attingam.

231 907 1286 946 W

281 984 1241 1169 etenuictsrnurrsnt

230 1251 1293 1416 uuotncomnna

289 1451 296 1464 ’
562 1641 564 1648 q
653 1461 871 1610 'ra'

332 1725 838 1848 POMPONIUM
882 1733 1194 1840 uanam.

325 1939 433 2028 ionylii
456 1936 623 2008 Poematis
638 1935 678 2002 de
693 1933 755 2002 litu
766 1933 876 2014 orbis,
893 1933 1062 2020 Pomponii
1076 1935 1190 2003 Melae
1207 1957 1300 2024 opur·

234 1951 315 2100 D
341 2029 447 2092 culum
473 2043 535 2090 aon
554 2019 693 2104 ejusdem
708 2017 885 2102 argumenti
903 2015 1023 2098 solum,
1050 2017 1104 2084 sed
1120 2023 1222 2090 etiarn
1246 2045 1300 2092 no·

233 2122 344 2190 minis,
374 2105 607 2190 adjungendum
633 2099 749 2168 censui.
798 2101 896 2187 Ipfiun
922 2117 1026 2168 autem
1055 2101 1170 2171 Melae
1193 2108 1301 2175 libello

234 2218 299 2268 non
320 2211 383 2259 tarn
405 2189 612 2270 adiungendus
629 2201 722 2270 quarn
739 2183 920 2252 inserendas
945 2186 1031 2252 Petri
1047 2185 1191 2256 olivarii
1207 2211 1303 2260 suan·

235 2281 372 2350 tationes
383 2269 577 2352 existimaui,
598 2271 629 2335 in
643 2267 756 2365 quibus
768 2269 845 2354 quid
860 2268 898 2334 sit
912 2267 1098 2338 discriminis
1116 2273 1204 2341 incer
1216 2295 1305 2344 vete·
1347 2259 1348 2348 i

239 2363 318 2434 ra&
341 2361 478 2426 recentia
495 2355 638 2419 locorum
655 2369 782 2419 nomina
807 2351 953 2420 ostendit.
994 2353 1083 2422 Hinc
1100 2354 1225 2424 fastum
1243 2359 1306 2438 eil,
1347 2397 1348 2428 r

238 2447 360 2516 utmilri
378 2459 454 2524 quas
472 2433 792 2521 sequutusipseesset
804 2437 978 2518 editiones,
997 2439 1124 2506 medem
1133 2461 1251 2527 magna
1267 2463 1301 2509 ex
1347 2437 1348 2530 l

237 2547 329 2621 parte
345 2524 431 2612 sequi
449 2519 576 2588 necesse
589 2517 706 2598 fuerit,
730 2521 874 2584 lubenter
893 2522 1010 2606 alioqui
1027 2524 1139 2594 abillis
1155 2523 1303 2612 frequen·
1347 2535 1348 2580 ἒ

239 2619 305 2685 tius
321 2605 505 2678 discessuro.
549 2602 666 2688 Neque
679 2603 762 2668 enirn
778 2601 877 2669 solurn
902 2605 993 2671 aliter
1007 2611 1136 2677 nomina
1153 2613 1305 2692 quaedam
1347 2639 1348 2656 ι

240 2689 504 2784 scripsissemus
521 2687 753 2761 Hadrumetum,
784 2703 838 2753 aut
858 2687 1078 2775 Adrumerum,
1101 2712 1167 2760 nnn
1180 2694 1304 2760 Hadru
1347 2691 1348 2734 l

243 2795 396 2856 mentum,
418 2774 473 2842 Pu
494 2773 564 2856 usia,
586 2791 650 2839 non
663 2769 824 2854 Phiriustr,
841 2771 1021 2858 praesertim
1039 2795 1137 2862 quum
1162 2795 1304 2863 etymum

241 2867 345 2954 ipsum
366 2863 451 2928 illam
471 2795 675 2941 scripturam,
697 2875 757 2922 non
774 2855 874 2934 hanc,
895 2859 1030 2938 probet,
1060 2859 1139 2928 licut
1163 2857 1305 2942 Pteleon,
1347 2913 1348 2944 ,

244 2971 311 3020 nou
338 2944 517 3013 Pluheleon:
538 2943 614 3006 item
627 2939 819 3026 Heniochae,
846 2941 899 3006 uel
920 2944 1028 3025 potius
1043 2943 1223 3032 Henioelu',
1247 2971 1304 3017 non

244 3027 423 3112 Eniaclrae)
443 3025 497 3092 sed
516 3024 609 3090 etiarn
623 3043 662 3089 ex
684 3023 866 3104 vocabulis,
887 3043 965 3110 quae
984 3025 1064 3094 nibil
1080 3031 1187 3096 minus
1215 3053 1305 3120 quarn

244 3121 280 3186 in
293 3115 453 3184 nominum
472 3111 670 3192 propriorum
683 3105 757 3175 sunt
773 3125 921 3188 numero,
945 3107 1196 3196 sacerepropria
1214 3137 1255 3185 ne
1267 3121 1309 3202 ip·

246 3203 281 3274 se
296 3198 423 3284 quidem
441 3193 558 3260 alicubi
573 3189 712 3258 fortasse·
728 3189 933 3272 dubitassem,
955 3193 1209 3285 praesertimque
1223 3203 1312 3268 alica·

177 3287 179 3293 '
246 3291 296 3372 jus
315 3284 431 3351 veteris
444 3276 631 3360 exemplaris
642 3275 830 3341 auctoritate
844 3276 973 3342 &velut
991 3272 1143 3364 priesidio
1159 3285 1310 3356 munitus.

247 3367 440 3451 Exemplum
463 3361 506 3428 est
528 3362 582 3426 lib.
617 3379 664 3425 tr.
689 3378 757 3441 cup.
785 3367 816 3424 6.
847 3357 974 3425 Tarraca
997 3361 1124 3448 uebsefl
1140 3367 1174 3430 t'n
1189 3367 1241 3434 itis
1256 3373 1311 3434 uris

248 3447 471 3520 maritimarum
488 3441 713 3528 epulentisfimn.
762 3441 862 3508 Tulcis
875 3463 938 3508 eum
948 3448 1076 3511 modicus
1090 3453 1191 3516 amuis
1199 3455 1313 3537 super,

249 3543 356 3624 ingens
374 3533 477 3600 Ibatur
498 3527 626 3610 dearfim
649 3528 787 3614 attingit.
831 3527 984 3597 Fnrtusfis
1008 3532 1090 3598 enim
1116 3532 1170 3598 bic
1191 3541 1225 3604 (lt
1250 3537 1314 3615 ipse

249 3621 379 3701 deorsum
399 3619 429 3680 in
448 3610 604 3696 Dermjam
617 3631 739 3676 vertere
753 3606 843 3678 ausus
856 3609 1004 3694 fuissem,
1026 3615 1220 3700 lrocmotlo‚
1246 3621 1314 3686 Tul·

247 3712 291 3771 cis
306 3723 369 3769 tum
384 3702 513 3766 nauum
533 3698 648 3775 arenis,
670 3695 762 3779 super
781 3695 885 3781 iuginr
912 3694 1014 3763 Iberus
1034 3697 1193 3784 Dertosam
1222 3715 1315 3770 uttin-

271 3795 305 3854 it.
332 3805 429 3872 quum
451 3783 530 3864 apul
551 3781 737 3848 Strabonem
755 3797 885 3866 quoque
901 3783 974 3848 huic
997 3784 1088 3860 urbi,
1118 3785 1163 3846 ἐπ’
1177 3784 1260 3866 αὑπῇ
1281 3793 1313 3864 τῇ

245 3812 456 3958 {cupientium
471 3863 608 3949 Ἴβηρος.
638 3865 670 3930 id
695 3862 758 3946 est,
787 3862 900 3947 inipso
922 3861 1003 3930 Iberi
1024 3867 1173 3954 trujtiitm
1207 3873 1314 4020 lqcum

249 3999 269 4036 ,¹
332 4008 337 4017 .
1243 3977 1313 4023 uum
