2684 4562
300 317 451 426 5531&
474 311 669 394 vossii
699 299 1184 400 OBSERVATIONES
1307 209 1308 294 T

300 483 429 558 Oceani.
471 473 574 558 Supra
596 471 777 542 enimdixit
800 471 880 538 hanc
900 471 1063 556 coniungi
1071 471 1175 539 Ponto
1188 453 1274 539 Buri·

300 587 363 650 no,
386 569 438 636 hic
459 559 537 630 verd
562 558 736 633 committi.
767 559 851 641 quod
872 556 954 620 idem
977 555 1035 623 est.
1079 555 1124 623 Et
1152 553 1218 620 sane
1235 557 1272 620 ira
1307 595 1308 606 t

301 671 428 754 quoqne
449 645 651 740 Herodotum
673 659 766 724 quem
790 639 898 724 passim
916 636 1085 720 sequitur,
1108 639 1271 720 qui'Maeo·

301 757 367 816 un,
383 749 515 802 matrem
533 729 628 796 Poma
639 725 800 796 nominat,
814 723 859 788 uti
874 741 1006 808 quoque
1018 721 1110 787 multi
1126 721 1188 788 alii.
1208 721 1272 785 Ber·

326 839 418 888 etuas
431 816 513 882 enim
527 828 676 896 aquarum
689 827 728 872 ex
746 805 910 872 Maeotide
928 807 962 872 in'
984 805 1122 871 Pontum
1136 799 1270 870 decursus

342 905 421 968 atris
434 901 462 966 ei
477 913 589 964 nomen
606 891 752 959 indidisse
768 891 905 958 videtur.
948 886 1017 964 Alii
1036 902 1141 954 tamen
1157 883 1270 970 obstetri-

300 998 511 1059 convocant,
534 981 565 1046 ds
582 977 655 1043 inde
665 975 774 1041 distant
792 972 860 1038 usse
876 968 1036 1035 Mandro.
1061 971 1228 1054 Stephanus
1245 967 1272 1032 in

300 1089 385 1138 voce
396 1065 563 1132 Marmar:
580 1059 624 1121 Τὸ
640 1055 760 1134 θηλυκὸν
776 1053 938 1126 Μαιῶτις,
963 1056 1003 1124 ὡς
1016 1051 1162 1123 Μαιῶτις
1174 1053 1270 1129 λίμνη,

301 1160 423 1236 sulpura
440 1145 576 1223 κληθῆναι
588 1141 646 1205 ἀπὸ
664 1142 719 1203 τοῦ
735 1145 829 1219 ’μαῖαν
845 1133 913 1201 εἶναι
930 1135 1074 1218 Εὐξείνου
1091 1135 1212 1200 Πόντου.
1231 1131 1271 1197 Ita

301 1232 537 1309 constituendus
551 1231 640 1296 locus
649 1225 703 1293 ille
718 1223 1107 1312 vulgo-corruptissimus,
1122 1237 1210 1307 quem
1224 1214 1268 1281 alii

301 1323 396 1388 variis
411 1315 512 1386 modis
525 1311 687 1379 emendare
704 1311 807 1374 conati
822 1305 902 1375 sunt.
927 1304 1033 1374 Paulo
1046 1305 1140 1372 aliter
1148 1301 1210 1387 Hip
1229 1317 1268 1364 at·

303 1409 380 1473 chus
394 1399 557 1483 inscripto
569 1396 687 1462 inedito
707 1393 769 1474 περὶ
783 1395 840 1452 τῶν
852 1389 964 1453 δώδεκα
981 1387 1109 1472 guilou:
1131 1377 1188 1448 'lla
1201 1319 1269 1446 fila

301 1511 352 1554 τοιι
366 1485 431 1551 ἔνθα
445 1487 520 1548 ἔστιν
536 1482 553 1558 ἡ
571 1475 715 1543 Μαιῶτις
725 1477 829 1554 λίμνη,
847 1472 886 1536 ·ε’ν
904 1471 923 1554 ᾖ
944 1475 1005 1542 πᾶς
1024 1469 1107 1552 [χῶς
1124 1461 1268 1548 &rapulla

302 1581 373 1643 τιιι,
393 1567 521 1634 hlauta?
536 1562 650 1637 dilatari
665 1563 755 1635 λίμνη
773 1553 914 1626 Μιιιιῒιιις
936 1555 1033 1636 ὄνομά
1050 1575 1125 1617 arur.

345 1659 367 1725 1.
388 1675 441 1736 4n.
466 1650 504 1718 ln
524 1649 650 1710 medium
668 1641 739 1725 serl
754 1639 907 1706 Maeotida
924 1639 1033 1726 defluit
1080 1637 1154 1705 Ideo
1171 1635 1199 1701 in
1216 1647 1267 1696 me·

304 1741 386 1807 diam
405 1731 568 1800 Maeotida
586 1727 663 1793 dicit
685 1723 821 1792 defluere
838 1724 981 1806 Tanain,
1004 1741 1079 1808 qura
1098 1718 1153 1786 sub
1173 1715 1268 1783 eodem

303 1821 474 1894 meridiano
487 1815 576 1883 srtum
588 1808 655 1876 esse
665 1809 878 1876 existimabant
893 1807 1032 1874 Veteres
1045 1805 1154 1874 ostium
1169 1795 1267 1868 Tanai·

305 1911 374 1986 dis,
394 1905 425 1970 dr
448 1896 622 1984 Bosporum
641 1893 856 1961 Cimmerium.
898 1888 1169 1979 Itaque-medium
1191 1881 1266 1948 istun

305 1997 407 2060 lacum
424 1989 555 2051 transire
564 1979 688 2063 ajunt&
701 1976 881 2043 inPontum
896 1973 1006 2062 egredi
1019 1993 1076 2058 per
1091 1965 1211 2052 Bospori
1224 1978 1266 2024 aa·

305 2073 419 2162 gustias
435 2085 579 2150 tanquam
600 2080 656 2148 per
678 2057 768 2126 suum
791 2058 912 2126 ostium.
956 2059 1041 2128 Sane
1066 2057 1145 2123 hunc
1161 2043 1262 2128 Bospo·

304 2175 373 2226 rum
396 2149 642 2227 Cimmerium,
659 2141 781 2211 Tanain
800 2161 928 2227 quoque
944 2141 1074 2223 vocari,
1096 2135 1166 2202 alibi
1180 2128 1263 2197 osten·

307 2241 419 2310 dimus.
461 2233 575 2303 Strabo
595 2227 675 2296 vero
694 2229 790 2295 etiam
805 2243 904 2293 totam
918 2221 1085 2292 Maeotida
1096 2231 1205 2306 partem
1215 2227 1261 2274 vo·

306 2342 358 2394 cat
375 2319 537 2388 Tanaidis.
577 2313 693 2381 Badem
713 2309 874 2391 curatio,
896 2323 931 2374 ut
981 2323 1059 2388 nto,
1081 2297 1260 2391 quamobrem

306 2403 511 2488 Hellespontus
525 2395 734 2482 Borysthenes
751 2393 851 2458 dietus
866 2391 915 2461 fit.
951 2327 1003 2459 Ex
1021 2393 1059 2458 St
1101 2387 1180 2452 hano
1191 2375 1260 2470 enim

306 2495 339 2560 da
355 2487 518 2576 Hesychio
532 2481 674 2564 adparet,
693 2473 911 2560 Hellespontum
924 2491 998 2540 ante
1008 2471 1071 2542 Hel
1085 2489 1117 2536 es
1127 2462 1261 2532 casumata

306 2571 405 2644 fuisse
425 2565 623 2656 appellatum.
665 2560 828 2650 Quaerunt
846 2555 966 2624 causam
989 2552 1134 2632 Eruditi,
1153 2563 1207 2614 nec
1223 2557 1261 2630 ta·¹

306 2677 381 2727 men
396 2651 574 2722 inveniunt..
608 2644 725 2712 Verum
747 2659 813 2707 uon·
829 2641 962 2721 dubito,
988 2641 1066 2727 quin
1081 2641 1155 2704 haec
1165 2629 1199 2697 fit
1213 2637 1260 2716 vej

305 2743 441 2816 rissrma3
463 2741 576 2818 itempe
591 2727 678 2816 qnod
694 2727 765 2792 cnm
781 2725 913 2794 maxine
928 2716 1165 2808 septentrionale
1177 2711 1260 2779 Pontt

305 2826 455 2978 Punctum
470 2819 528 2887 srnt
545 2814 620 2883 ostia
635 2809 857 2898 Borysthenis,
876 2825 976 2894 eaque
988 2805 1156 2876 fitasmtex
1167 2792 1260 2859 adver·

321 2933 342 2977 o
362 2903 495 2990 Bospori
517 2895 669 2976 Thracii3
689 2895 822 2960 Pontum
840 2892 994 2959 Euxinum
1014 2900 1158 2974 tanquam
1174 2877 1260 2942 lacum

307 2987 548 3063 considerarim,
568 2995 663 3066 quem
681 2975 905 3063 Borysthenes,
926 2975 1044 3124 aliigue
1056 2985 1156 3040 amnes
1171 2953 1259 3044 effice·

306 3092 388 3145 rent.
429 3069 477 3136 Ut
502 3069 608 3152 itaque
631 3059 770 3149 BBPW
793 3059 966 3124 Cimmerius
1007 3057 1085 3124 ilius
1104 3047 1147 3116 est
1165 3039 1259 3106 Tanau

158 3189 160 3194 ·
190 3220 193 3226 .
306 3161 347 3228 ab
362 3153 509 3244 opposito
523 3147 670 3216 Tanaidrs
681 3143 780 3219 ollio.
796 3143 839 3208 ita
853 3139 1086 3228 qnoqueHelle
1162 3132 1259 3192 turno·

305 3261 377 3312 men
390 3237 513 3322 accepit
525 3228 728 3318 Borysthenis
789 3239 880 3314 opter
896 3227 1025 3292 eandem
1043 3237 1099 3287 cau
1113 3231 1167 3280 am.
1194 3199 1257 3302 ,Pel

308 3320 553 3406 Hellespontum
568 3312 648 3379 vero
666 3311 733 3379 noli
751 3245 807 3376 uic
824 3307 1002 3394 intelligere
1016 3295 1257 3382 Hellespontian·

306 3407 439 3498 gastius,
454 3401 507 3470 sed
523 3395 711 3482 Propontida
725 3408 845 3482 totam,
857 3390 1112 3478 quemadmodum
1127 3365 1256 3441 vetusho·

306 3509 358 3558 res
375 3488 490 3556 Graeci
505 3497 653 3566 accepere
669 3475 732 3543 hoc
751 3475 949 3544 vocabulum.
993 3473 1116 3542 Solinus
1132 3473 1193 3541 cap.
1213 3463 1255 3512 10·

306 3575 364 3641 hac
384 3573 424 3638 de
438 3564 529 3634 causa
546 3577 641 3631 vocat
662 3574 803 3664 magnum
820 3557 1067 3645 Hellespontum.
1107 3539 1194 3626 Fugit
1205 3531 1256 3598 11⁰⁶

308 3653 505 3745 salmasium,
526 3651 581 3732 qui
595 3645 690 3712 verba
706 3643 802 3710 antini
819 3643 975 3726 refingere
989 3649 1123 3708 conatur.
1191 3700 1197 3714 ‚
1232 3689 1239 3704 ,

350 3739 370 3805 l.
393 3757 447 3824 43.
468 3731 512 3798 Et
526 3751 563 3796 eat
575 3725 685 3812 diverso
703 3725 799 3791 Nilus
814 3723 1004 3814 inpllugur]
1026 3698 1255 3789 Melioreslrbm

308 3821 363 3892 ux
378 3816 496 3909 aduerso
515 3813 611 3882 ullas
627 3815 664 3906 ιἰι1
672 3808 820 3926 paingor,
848 3807 896 3877 uti
916 3805 1132 3922 reponendum,
1170 3769 1255 3946 Paptgg
