2760 4542
211 221 306 314 „pte
356 211 415 292 1s.
450 207 649 320 vostri
683 144 1185 292 onsunvnr‘ronne

240 373 350 458 copius
369 369 467 452 dicit,
487 369 651 440 Euboeam
667 371 765 442 modo
783 368 912 441 insulam
929 367 1035 438 facere
1078 368 1293 452 modocnnti·
1364 387 1365 398 ¹

238 457 323 528 nenti
341 457 482 538 jungere.
523 453 574 520 Ab
596 456 657 522 noc
675 453 773 552 pond
796 467 895 540 ponte
909 453 1001 554 multi
1013 418 1197 522 Cimlcidem
1206 503 1220 538 ,
1241 471 1292 550 to:
1364 417 1365 492 l

237 536 1195 707 nequgtinrrutrtglrrtuueluillut
1214 537 1292 702 pt

239 715 299 770 ten
313 721 477 789 aegrorum.
519 703 615 788 Apud
635 703 896 788 Christophurum
916 701 995 769 veri>
1018 702 1056 767 de
1075 701 1292 769 Bondelmon·

238 787 344 862 tibus,
364 786 417 869 qui
437 801 510 850 ante
528 804 624 852 annos
641 805 789 854 ccxxxiv.
812 785 920 848 librum
935 789 969 850 de
986 786 1018 847 in
1031 783 1092 848 ulis
1105 784 1226 864 edidit,
1245 786 1292 852 in·

239 867 307 936 sula
322 868 398 934 haec
413 867 583 953 appellatur
601 868 756 956 Egrippur.
800 869 941 936 Omnino
998 869 1003 880 '
1033 869 1096 934 imo
1116 869 1178 938 hoc
1193 887 1295 935 uoca-

239 953 350 1024 bulum
369 967 554 1033 corruptum
576 950 643 1018 esse
657 973 695 1018 ex
716 951 856 1034 Euripos.

280 1033 303 1102 l.
323 1054 376 1120 ῃ.
398 1033 509 1117 Septies
523 1037 569 1099 die
584 1053 618 1100 ar
629 1037 737 1118 septies
749 1033 852 1118 rotie]
871 1033 977 1101 Locus
991 1031 1077 1100 redit
1090 1029 1155 1100 sese
1172 1031 1274 1100 hibet
1282 1075 1302 1108 ,

240 1118 431 1214 plurimique
449 1133 592 1184 veterum
609 1121 641 1186 id
657 1117 756 1204 ipsum
772 1119 928 1184 dixerunt.
969 1113 1075 1200 Negat
1098 1115 1231 1198 Liuius,
1255 1135 1299 1181 ec

240 1221 307 1270 non
320 1199 405 1267 stans
420 1201 611 1286 temporibus
630 1199 746 1268 fretum
766 1201 826 1268 lroc
844 1201 1028 1284 reciprocari
1046 1199 1208 1278 adfirmat,
1232 1195 1297 1264 sed

242 1289 362 1352 temere
380 1282 398 1350 l
418 1283 522 1350 ventis
540 1283 601 1350 huc
623 1285 699 1352 illuc
716 1283 832 1368 juderi.
872 1281 987 1350 Verum
1008 1297 1117 1348 natura
1141 1281 1219 1348 nihil
1243 1299 1298 1346 te·

241 1387 329 1438 mere
345 1365 434 1434 facit.
476 1367 653 1452 Utrumque
672 1385 779 1434 verum
803 1365 865 1446 est,
886 1365 1038 1448 Euripum
1054 1365 1165 1431 habere
1184 1365 1215 1428 dt
1231 1363 1298 1430 sta·

243 1471 313 1520 tum
333 1449 521 1530 fluxum,.&
552 1469 614 1516 non
638 1449 766 1529 statum,
787 1451 841 1533 qui
866 1465 952 1513 totus
975 1445 1117 1514 liventis
1138 1447 1296 1532 pendeat.

242 1537 350 1602 Status
368 1533 478 1616 Euripi
496 1533 597 1600 fluxus
608 1531 653 1600 est
666 1537 719 1615 qui
735 1531 859 1616 lingulis
877 1531 987 1598 diebus
1003 1549 1039 1596 ac
1052 1529 1195 1597 nostibus
1212 1548 1297 1614 quu-

244 1637 295 1688 ter
308 1611 430 1682 cursum
444 1633 561 1696 mutat,
579 1614 646 1681 five
658 1615 713 1700 qui
735 1615 783 1682 bis
799 1611 868 1680 fluit
886 1613 918 1678 dt
938 1611 1059 1692 refluit,
1082 1613 1295 1696 quemadmo-

243 1697 398 1770 dumella
424 1697 527 1763 maria.
572 1695 746 1764 instabilem
772 1693 851 1762 verb
872 1693 998 1762 cursum
1019 1697 1115 1764 efficit
1135 1694 1236 1761 auster
1258 1695 1296 1762 ue

245 1803 340 1851 eurus
359 1779 540 1864 praecipue,
563 1780 662 1862 quiin
682 1779 833 1865 anguillas
848 1775 1042 1862 compulsum
1059 1797 1140 1845 mare
1154 1779 1194 1843 ad
1209 1797 1297 1844 tem·

243 1887 305 1952 pus
325 1861 484 1945 retroagit.
528 1861 613 1952 Quia
629 1881 705 1932 vero
719 1861 817 1930 aestus
836 1877 902 1926 tum
917 1861 1131 1944 colliduntur,
1147 1859 1297 1928 necessa·

243 1951 295 2018 rid
321 1945 465 2031 utrinque
485 1944 638 2027 refluunt,
662 1945 923 2030 quemadmodum
944 1945 975 2011 dt
995 1945 1027 2010 in
1053 1943 1295 2029 Megellanico,

244 2035 276 2100 dt
290 2033 322 2096 in
333 2028 399 2094 aliis
410 2028 504 2096 etiem
520 2027 622 2096 fretis.
644 2027 822 2098 Hincfitut
833 2024 933 2113 spatio
949 2028 1009 2092 diei
1022 2023 1134 2110 septies
1150 2027 1295 2112 aliquan·

244 2115 288 2179 do
304 2111 440 2196 Euripus,
452 2109 574 2180 cursum
590 2130 716 2195 mutet,
735 2115 888 2195 nunquam
906 2107 983 2175 veru
1004 2106 1135 2194 saepius.
1160 2109 1292 2178 Theon

228 2199 428 2281 ‚Smyrnaeus
442 2195 482 2259 de
496 2192 683 2280 septenario.
699 2193 752 2258 'Ol
765 2189 895 2277 ”Euprrrr
905 2191 938 2254 ri
952 2199 1087 2255 πλεῖστον
1100 2191 1220 2260 irreirert
1235 2197 1294 2270 τῆς

242 2281 353 2359 ἡμέρας
371 2273 603 2357 μεταβάλλουσι.
627 2277 717 2346 Male
744 2277 819 2344 haec
833 2278 986 2362 interpres
1003 2277 1187 2356 intellexit,
1219 2291 1290 2344 tan·

244 2359 370 2448 quamsi
386 2357 497 2444 septies
512 2360 541 2424 in
557 2361 609 2425 die
621 2363 769 2429 aestuaret
780 2359 1030 2442 &reciprocaret
1038 2359 1185 2444 Euripus.
1208 2359 1290 2426 Hoc

241 2447 325 2515 enim
343 2461 404 2508 non
421 2439 459 2510 fit
476 2441 528 2508 nili
544 2439 644 2526 spatio
659 2443 720 2510 diei
735 2441 908 2525 nodisque.
952 2443 1022 2508 Alia
1042 2439 1086 2508 est
1107 2443 1188 2508 ratio
1209 2439 1289 2510 freti

242 2526 360 2606 situli;
381 2525 413 2590 in
438 2543 477 2589 eo
495 2523 579 2590 enim
603 2527 678 2592 licet
699 2525 795 2592 flente
815 2524 916 2590 austro
933 2523 1044 2593 fluuus
1067 2525 1210 2610 utrinque
1233 2543 1290 2589 ve-
1364 2579 1365 2610 ,

143 2629 157 2658 ·
245 2613 369 2683 nientes
388 2607 597 2688 collidantur,
616 2627 678 2674 non
701 2623 804 2678 tamen
827 2624 938 2674 omnes
964 2609 1107 2676 redeunt.
1148 2610 1182 2676 ln
1198 2604 1290 2672 freto

246 2697 366 2786 quippe
382 2691 492 2758 latiore
512 2688 619 2757 undae·
630 2689 752 2758 cursum
772 2689 927 2758 dividunt.
969 2690 1035 2786 Qui
1053 2693 1091 2757 ab
1110 2687 1211 2756 austro
1230 2709 1289 2754 ve·

246 2783 335 2848 niunt
347 2773 479 2852 flauas,
501 2773 548 2840 illi
566 2773 677 2842 Italico
690 2775 852 2842 adhaerent
871 2773 970 2840 litori.
1010 2771 1077 2862 Qui
1094 2773 1174 2840 verd
1194 2769 1287 2839 ibo·

244 2879 324 2940 rea,
358 2857 404 2924 illi
432 2857 572 2924 Siculum
601 2859 714 2924 radunt
737 2859 827 2924 latus.
851 2886 854 2892 ·
882 2855 1054 2923 Peritiores
1081 2859 1186 2941 itaque
1211 2869 1286 2922 nau·

247 2965 298 3015 tre
312 2941 351 3008 ab
373 2937 473 3006 austro
489 2937 609 3004 fretum
625 2939 687 3006 lroc
704 2937 877 3020 transituri,
900 2935 1019 3024 semper
1031 2939 1132 3005 vitent
1147 2939 1222 3004 litus
1238 2939 1287 3006 Si·

243 3031 360 3097 culum.
407 3022 575 3090 Venientes
606 3019 750 3089 autenti
777 3022 895 3102 borea,
925 3039 983 3107 per
1003 3023 1134 3087 mediam
1154 3021 1289 3109 charyb-

245 3115 299 3180 din
324 3101 448 3172 cursum
468 3105 614 3190 dirigunt.
657 3103 700 3172 At
713 3121 790 3170 vero
806 3105 838 3170 in
850 3100 937 3170 freto
961 3103 1094 3190 Euripi,
1109 3106 1289 3254 guinema-

245 3197 285 3266 lis
301 3191 428 3258 intimus
446 3186 491 3254 est
514 3187 760 3272 angustissimus,
786 3201 846 3254 nec
860 3185 973 3254 dudius
993 3205 1108 3272 progre
1133 3193 1138 3202 '
1162 3187 1286 3274 potest,

235 3269 417 3348 necessarie
430 3271 530 3338 undae
543 3273 692 3354 utrinque
706 3275 867 3337 venientes
877 3269 907 3336 in
920 3269 972 3336 sua
989 3271 1170 3336 relabuntur
1180 3271 1287 3338 marie.

230 3351 1292 3441 'Haecnautisnostratibuscognitissrmm&quotidianaexperien-

242 3443 286 3512 tia
300 3435 532 3588 cffinffialrao's
544 3453 626 3520 quae
641 3454 742 3506 tamen
754 3437 882 3504 mirifice
900 3431 1054 3542 torserunt
1068 3437 1291 3504 onnesnaue·

244 3545 306 3676 nuls.
324 3613 376 3675 81.
398 3535 547 3695 Acssrma
567 3601 662 3665 uentis
681 3601 805 3696 parigiu
814 3595 1009 3686 fmjirrtur]
1028 3603 1073 3671 Et
1090 3601 1188 3671 hle&
1203 3597 1290 3672 infr&
1364 3619 1365 3628 ¹

236 3705 384 3764 ¹veterem
399 3683 567 3750 lethonem
581 3685 778 3766 reduximus,
798 3703 891 3770 quam
904 3683 936 3754 in
994 3689 1043 3768 jus
1060 3701 1226 3753 maturant.

285 3775 308 3841 1,
334 3789 402 3840 100.
424 3765 561 3864 duriter,
580 3763 796 3864 Irspllrera,
817 3768 932 3851 Gyaros
943 3704 1044 3854 ἥκω
1062 3765 1187 3839 leutii
1203 3767 1291 3836 secu-

229 3857 280 3930 '10
296 3855 386 3925 locut
404 3851 456 3922 luc
475 3849 636 3924 inmendo
653 3851 763 3938 lacuit.
793 3849 996 3924 omniane
1010 3849 1291 4006 nommtinffim
