2760 4542
204 208 279 292 AD
300 209 450 294 POMP.
473 207 671 292 MELAM.
696 205 776 286 Lu.
792 209 857 288 lii.
894 211 1043 292 ΟΜ.
1095 237 1168 314 799

101 375 198 462 idque
219 369 395 462 saepirfime
414 371 498 469 apud
521 367 620 457 ipsum
639 387 768 468 querque
794 369 996 440 Ciceronem.
1043 371 1107 442 Pro
1123 383 1166 440 τἐ-

102 469 256 542 meratus,
274 459 401 546 quidam
416 458 488 524 liert
506 453 620 522 habeor
630 449 807 538 osteum,
820 457 908 542 quod
924 453 1075 544 &ipsum
1092 481 1166 545 pru·

104 545 181 693 buin
191 539 256 714 αξξ.
273 619 364 688 More
389 623 430 720 (ζα
464 626 527 686 ium
556 632 592 686 tu
610 615 750 708 augusto,
773 623 818 687 ito
845 621 930 711 longo
952 625 1042 688 erum
1083 637 1144 690 reto

107 705 184 776 Non
199 705 286 774 reste
306 705 358 774 hie
375 709 406 774 dr
423 705 515 773 cesht
535 707 573 772 ab
588 703 775 800 Herodoto,
798 721 894 790 quem
911 707 989 776 asiis
1002 705 1051 774 scr
1092 709 1172 776 sem·

105 803 165 878 per
179 789 331 878 sequitur.
377 785 501 875 Nempe
522 791 595 872 quia
618 786 768 886 Caspium
789 807 873 856 mare
893 809 933 856 ex
957 792 1087 858 Oceano
1103 791 1171 880 sep·

107 873 290 943 tentrionaii
308 869 437 940 influere
454 872 650 940 tradiderunt
669 875 745 952 ain,
768 871 939 940 Herodoto
953 873 1166 960 posteriores,

105 959 180 1028 iiior
194 957 280 1044 sequi
298 957 417 1023 maluit.
463 955 580 1022 Verhm
596 975 658 1022 non
675 953 796 1040 semper
814 955 1005 1052 posteriores
1018 957 1168 1027 observa·

107 1046 211 1110 tiones
225 1039 447 1126 praeferendae
461 1033 531 1105 sunt
547 1039 786 1136 antiquioribus.
823 1039 923 1138 Quod
940 1039 1119 1122 Herodoti,
1135 1045 1168 1113 dt

107 1121 239 1194 aliorum
254 1123 335 1190 idern
347 1121 549 1189 sentientium
558 1125 748 1208 ,opiniones
763 1141 824 1190 nou
836 1123 1027 1208 approbatae
1035 1118 1168 1214 suerint,
1299 1129 1302 1138 ’

107 1227 145 1276 ea
160 1207 324 1358 praecippe
341 1205 403 1272 suit
422 1208 525 1294 ratio,
545 1207 620 1356 qrga
634 1205 665 1272 id
682 1203 891 1306 maresaisum
906 1205 1066 1358 assensa?1
1078 1209 1100 1278 h
1113 1229 1168 1362 neg

109 1309 234 1444 nrt
249 1306 329 1440 er
344 1305 593 1472 terent.
607 1305 1170 1470 retrituratur-...nrt

108 1477 185 1527 men
204 1457 262 1525 sint
275 1453 341 1525 salsi
378 1455 571 1525 notissimum
581 1455 635 1524 est.
656 1455 724 1541 Jam
741 1453 820 1522 verb
838 1453 870 1524 dt
885 1455 946 1522 hoc
959 1459 1073 1525 ratium
1091 1477 1169 1530 con·

107 1543 290 1610 fontaneum
316 1505 378 1638 eis,
405 1541 653 1626 &experientia
677 1539 826 1636 constat,
844 1557 954 1606 omnes
977 1539 1081 1624 lacus,
1103 1543 1171 1614 five

109 1627 241 1694 Ocmno
264 1641 515 1710 comungantur,
537 1619 602 1692 sve
629 1641 729 1690 terrae
754 1626 893 1708 undique
916 1621 1120 1706 intimius,
1143 1623 1168 1700 fi

107 1709 195 1777 vaste
214 1707 380 1775 admodum
405 1709 622 1794 explicentur,
644 1703 736 1774 salsus
762 1707 910 1791 paulatim
934 1706 1025 1785 fieri,
1045 1725 1082 1774 ae
1104 1727 1168 1780 ma·

109 1797 192 1861 rium
209 1808 350 1858 naturam
373 1789 512 1858 induere.
536 1789 673 1870 Nequit
688 1789 985 1868 mihiautLarium,
1001 1793 1168 1861 autssena-

110 1895 204 1955 cum,
219 1891 273 1941 aut
285 1871 478 1942 Lemannum
497 1873 549 1941 hic
563 1873 705 1958 objiciat.
740 1873 897 1968 Quantuii
910 1875 992 1939 enim
1005 1873 1074 1942 sunt
1089 1875 1170 1950 isti?

108 1961 230 2027 Verhm
251 1961 286 2026 in
319 1955 484 2024 Maeotide
507 1959 569 2040 jam
595 1953 755 2024 manifesta
775 1955 960 2024 saisitudinis
980 1975 1169 2044 comparent

107 2045 241 2112 indicia:
269 2045 387 2124 majora
410 2041 440 2106 io
464 2037 571 2108 Ponto
594 2039 750 2116 Euxino,
780 2043 811 2106 ui
833 2041 904 2106 chm
925 2041 984 2108 alia
1002 2041 1107 2110 similis
1127 2049 1168 2118 iit

107 2129 188 2196 mari
211 2121 281 2194 Cas
296 2127 347 2204 io,
377 2141 444 2192 tum
473 2127 569 2191 etiarn
593 2123 669 2204 iilo,
693 2057 779 2208 quui
805 2125 833 2189 in
859 2123 963 2191 medio
985 2127 1102 2192 tantum
1129 2131 1169 2200 fir

109 2209 218 2280 salsus.
282 2207 382 2276 ausam
397 2207 499 2286 verd,
512 2223 608 2292 quare
625 2205 698 2274 vaiii
716 2209 798 2273 iactu
816 2203 878 2274 saifi
897 2207 990 2284 finnt,
1008 2211 1038 2276 in
1051 2207 1167 2282 Mereo-

109 2295 248 2382 rohgr'cr'r
261 2289 374 2360 nostris
388 2291 566 2358 reddemus.
609 2287 732 2356 Frustra
752 2303 857 2358 autem
874 2291 913 2358 de
933 2289 1066 2361 effluvio
1082 2293 1168 2366 sellia

109 2381 167 2446 citi
188 2375 271 2444 sont.
313 2375 415 2460 juiius
443 2377 584 2460 Scaliger
608 2391 692 2440 mare
714 2377 774 2440 hoc
797 2377 829 2440 in
852 2375 987 2442 Pontum
1008 2377 1167 2452 Euxinum
1247 2429 1251 2435 ·

108 2463 249 2528 occultis
272 2459 371 2525 aivtis
393 2459 499 2536 exite,
529 2459 581 2524 alii
601 2459 660 2524 alia
683 2475 835 2540 quaerunt
856 2455 954 2540 usua3
976 2461 1057 2542 quasi
1085 2467 1166 2536 verh

108 2562 174 2614 non
189 2547 343 2612 innumeri
355 2557 548 2627 repertantur
558 2543 664 2622 lacui,
681 2545 735 2625 qui
746 2557 846 2606 tamen
859 2557 1008 2626 nusquam
1021 2543 1169 2622 tssiuanr.

110 2626 166 2697 De
187 2645 235 2694 ma
260 2627 400 2692 nitudine
422 2625 513 2710 hujus
529 2629 621 2692 maris
643 2641 722 2708 quae
740 2627 823 2690 idem
844 2625 981 2708 Scaliger
994 2625 1094 2698 refert
1114 2635 1167 2698 ab·

110 2711 202 2778 surda
228 2643 321 2790 stur,
343 2725 380 2773 ac
405 2705 511 2774 nescio
536 2713 617 2774 unde
640 2704 795 2783 hauserit,
821 2705 991 2804 siquidem
1010 2727 1070 2776 non
1094 2711 1166 2784 sunt

110 2797 196 2878 apud
211 2791 412 2878 josaphatum
431 2791 619 2868 Barbarum,
640 2791 722 2854 unde
734 2806 839 2854 cetera
855 2787 1025 2876 descripsit.
1070 2795 1167 2868 Dicit

111 2897 215 2945 torum
237 2895 321 2942 mare
340 2871 487 2958 Caspium
505 2875 763 2958 circumnavigari
779 2874 949 2942 duodecim
971 2877 1101 2961 diebus,
1125 2901 1166 2950 ac

107 2959 311 3045 reprehendit
324 2957 523 3024 Herodorum
540 2955 628 3044 quud
641 2955 797 3042 scripserit
811 2975 893 3024 mare
905 2962 936 3024 id
952 2962 1081 3046 longum
1096 2964 1164 3032 esse

132 3047 307 3125 uiudeeim,
329 3045 427 3108 iatum
446 3041 527 3108 verd
540 3045 615 3108 otiu
628 3043 747 3106 dierum
764 3043 972 3124 navigatione.
1009 3047 1072 3114 Sed
1089 3065 1166 3132 pro.

104 3055 248 3211 aeuum
264 3127 491 3209 iongitudinem
505 3125 558 3191 hie
572 3125 705 3209 accipias
722 3143 780 3209 pro
797 3126 929 3190 maxima
947 3131 1040 3195 maris
1055 3149 1166 3202 exten·

26 3271 27 3277 ,
104 3213 215 3286 fiune,
236 3229 290 3279 aut
317 3225 380 3274 non
400 3211 518 3275 erravit
545 3209 751 3286 Herodotus,
773 3220 826 3272 aut
848 3211 954 3292 parum
977 3214 1160 3286 admodum.

27 3319 28 3350 ÷
106 3295 266 3364 Verhmsr
288 3293 513 3378 longitudinem
535 3293 669 3372 accipias
718 3309 755 3358 to
778 3289 896 3378 spatio,
916 3295 1001 3378 quod
1024 3297 1170 3370 estintea·

104 3381 241 3468 iaxartis
255 3377 390 3446 fluminis
405 3375 501 3454 otha,
525 3311 785 3444 &Circesium
803 3378 898 3460 litus,
918 3382 981 3462 jam
994 3381 1088 3448 nimia
1101 3387 1165 3454 erit

105 3461 262 3532 mensura.
305 3461 497 3546 ucaligerum
528 3477 629 3527 tamen
654 3457 778 3524 secutus
802 3457 846 3526 esi
870 3465 979 3546 nuperi
1005 3463 1166 3537 itinerarii

105 3547 233 3618 huuor
251 3545 388 3612 ridemus
405 3543 568 3626 Ohearius‚
587 3545 640 3627 qui
652 3545 745 3612 maris
760 3546 849 3628 hujus
864 3561 983 3626 partem
1038 3551 1164 3620 riustra·

104 3633 180 3706 vit,
204 3627 325 3695 ociose
340 3626 515 3710 descripsit.
557 3616 629 3711 Ego
654 3629 731 3696 licet
752 3627 919 3710 plurimum
934 3649 994 3696 ocu
1009 3635 1033 3698 is
1049 3651 1087 3699 ae
1108 3655 1165 3704 no·

105 3713 239 3780 cissimis
256 3713 391 3778 tribuam
409 3709 700 3792 observationibus,
723 3709 775 3778 hic
793 3729 895 3777 tamen
906 3713 943 3778 ad
956 3717 1094 3798 priorum
1112 3738 1169 3786 co-

104 3811 169 3883 gor
187 3795 291 3861 redire
303 3793 502 3863 sententiam:
523 3810 593 3860 nam
608 3793 696 3880 quhd
708 3795 752 3859 ait
762 3808 848 3861 mare
862 3795 924 3861 hoc
938 3801 1082 3880 extendi,
1103 3821 1170 3874 noo

103 3884 151 3950 ab
171 3895 247 3948 ortu
270 3881 301 3948 in
318 3877 482 3961 occasum,
505 3875 558 3946 sed
580 3875 600 3944 h
622 3879 754 3946 meridie
775 3881 904 3948 ituream
925 3879 1056 3961 versus,
1073 3885 1106 3950 in
1123 3907 1165 3953 eo

1037 3967 1165 4041 omuirro
