2752 4538
228 287 299 358 ιτ
348 265 995 360 rua-nsaplorisss‘.
1049 274 1145 380 1¹05?

85 441 271 510 bominibus
291 441 614 528 propriisreddendis
639 442 773 531 saepius!
797 443 870 537 Qua
895 443 936 510 de
948 441 1053 510 cautla
1076 440 1144 508 Nu·

82 527 288 591 orenclarnrem
306 523 556 606 Pomponianam,
576 527 631 612 qdi
653 548 758 594 vett-ra
779 531 904 594 nomina
920 529 950 594 dt
964 527 1146 594 recentiora*

83 612 199 678 distet.
221 628 260 674 ex
279 609 460 692 synonymia
479 610 685 696 Grugroplricn
714 613 788 677 libr.
812 612 931 678 Ortelii
954 612 994 676 V.
1014 611 1053 679 C.
1077 607 1137 676 fibi

82 697 221 777 quisque
236 709 418 772 componet.
452 695 559 762 Altera
575 713 652 758 vero
670 695 805 762 Oliraril
820 695 920 761 editio
935 694 1037 762 nihilo
1051 695 1137 778 prio·

82 795 119 843 re
139 777 266 842 melior:
291 794 384 860 quam
407 795 456 844 tot
481 779 739 862 digressionibus,
761 779 922 854 auslrriis,
946 779 977 845 dt
999 775 1144 844 corolla-¹

81 861 141 926 riis
156 858 368 935 deformavit,
390 877 423 923 ut
438 859 700 944 Corroogrnphrac
714 863 745 928 dt
760 859 966 927 Geometriae
979 861 1133 944 principia

70 945 192 1028 (qnae
213 941 290 1006 alibi
303 961 397 1024 arram
414 947 443 1008 in
460 941 549 1010 lllrla
565 944 712 1010 didicisse
726 939 1143 1027 oportnlrplnrnarpestlue

81 1029 136 1094 lric
159 1025 305 1092 inculcet.
335 1024 360 1090 F
363 1045 445 1094 raac.
458 1029 572 1093 Sanus
586 1076 597 1108 ‚
620 1027 754 1112 Hispani
771 1047 922 1114 quoque,
935 1031 1035 1096 editio
1049 1045 1135 1092 cete·

81 1111 126 1175 ris
145 1109 290 1176 omnibus
309 1109 431 1174 melior.
461 1105 610 1177 Germani
624 1113 718 1178 etiam
735 1123 874 1196 oraeque
889 1111 1137 1194 Septentrione-

81 1195 121 1260 lis
138 1193 263 1259 incolae
288 1193 318 1258 ia
343 1194 456 1259 eodem
480 1195 690 1262 elaborarunt.
732 1193 842 1282 Joach.
869 1196 954 1261 enirn
980 1195 1136 1261 Vadianus

81 1273 410 1346 Helvetiusbrerem
434 1277 463 1342 dc
485 1275 654 1348 obscurum
690 1277 858 1356 libltllurn²
889 1297 1036 1361 manum
1059 1277 1133 1346 illu·

81 1359 240 1446 stre'lrique
253 1359 388 1424 reddidit
402 1357 527 1427 Combr.
544 1362 667 1438 doliis,
682 1361 805 1446 anitcr
839 1361 869 1427 dr
885 1381 920 1427 ut
936 1381 952 1426 a
989 1381 1024 1428 ea
1039 1376 1133 1446 geute

82 1445 151 1510 lieri
176 1457 276 1522 amar,
302 1442 476 1520 laboriosis:
498 1443 667 1592 {immolas
690 1447 780 1512 unius
830 1463 888 1510 nec
907 1449 992 1512 eninr
1015 1447 1135 1513 Pintia·

83 1545 160 1592 rrum
180 1523 437 1612 suisseumqoam
457 1547 496 1590 ve
523 1527 618 1594 faudo
634 1544 796 1612 acceperat
836 1528 1051 1614 castigationes
1065 1526 1135 1594 sere

83 1629 134 1673 am
159 1611 245 1676 lellus
267 1609 321 1676 est.
366 1609 438 1676 Vidi
463 1610 493 1676 δι
514 1609 662 1692 &adunam
681 1611 875 1698 quemdam,
903 1613 1020 1694 quida
1035 1609 1147 1678 Solia&

74 1629 272 1779 'Pufylrijlr‘rn
293 1691 399 1760 eadem
420 1713 515 1779 opera
542 1695 731 1762 illustrarat:
763 1695 818 1761 led
846 1697 919 1782 quia
949 1710 1134 1778 corruptam

82 1779 174 1860 vulg.
190 1778 336 1844 codicum
355 1777 523 1845 leuiorem
540 1777 585 1845 est
602 1778 726 1844 secutus
742 1778 760 1862 (
768 1797 862 1866 quam
879 1793 983 1848 tumen
1005 1787 1064 1850 bec
1085 1781 1149 1848 vin

85 1863 194 1932 tiaram
212 1857 280 1927 esse
298 1861 327 1926 i'u
346 1867 480 1926 mentem
497 1861 625 1948 q'uitlem
650 1863 815 1939 veniebat,
837 1879 895 1928 acc
908 1863 1071 1946 quomodo
1085 1881 1136 1930 re·

83 1947 169 2014 stitus
184 1941 287 2026 posset
299 1943 477 2028 ,videbat)
493 1947 588 2018 multu
604 1943 683 2007 οὐδὲν
699 1945 768 2028 apin
783 1946 916 2011 distruere.
938 1945 1070 2013 Tertius
1083 1964 1138 2012 ac.

80 2029 178 2096 ceast
192 2027 387 2096 Clrrilliarrus
407 2019 571 2109 Vullisrus,
584 2031 637 2113 qul
650 2031 806 2109 slepiories
815 2031 845 2096 in
855 2029 1132 2112 tabulasdigessrt,

81 2113 154 2178 utili
173 2113 276 2177 labore
290 2113 456 2176 memoriae
472 2115 643 2190 iuvandae:
665 2114 837 2184 Editorurn
861 2129 967 2182 tamen
980 2113 1134 2200 bellende

81 2194 177 2266 fidem
200 2191 232 2260 sn
257 2193 409 2344 erQriose
429 2192 553 2262 secutus
574 2195 629 2270 est.
1104 2269 1108 2278 ,
1135 2245 1145 2258 .

124 2265 216 2347 Unus
260 2299 277 2344 e
330 2277 399 2344 allis
423 2281 506 2360 Elias
528 2280 682 2361 Vinctus,
711 2282 813 2352 multo
837 2301 956 2364 nuper,
987 2297 1023 2348 ut
1042 2283 1134 2366 dixi,'

80 2363 330 2433 emendatiorem
337 2361 459 2443 Melam
470 2363 731 2448 repraesentavit.
753 2365 854 2458 Quisr
868 2367 1052 2440 Pindarum
1061 2385 1137 2434 nac·.

80 2465 134 2514 tus
147 2445 276 2524 suisset,
296 2447 589 2527 emcndaionisaue
602 2449 740 2518 rationes
755 2447 962 2530 reddidisset,
986 2469 1045 2516 nos
1066 2446 1137 2516 for·

80 2530 163 2598 tasse
177 2532 217 2597 ab
233 2531 354 2598 edendo
370 2529 689 2613 deterruisset3certe
701 2535 840 2602 laborem
851 2535 943 2602 valde
956 2531 1131 2601 minuisset.

81 2618 251 2684 Britannus
270 2633 399 2700 quoqne
417 2634 510 2700 opem
525 2615 609 2681 serie
624 2623 754 2683 conatus
770 2617 814 2684 est
829 2613 904 2682 Gul.
921 2617 1062 2692 Sonans,
1075 2619 1132 2698 qui

78 2721 116 2765 ut
137 2695 484 2778 concisumduslorear
510 2699 727 2765 dilucidiorem
753 2699 923 2779 redderet,
952 2695 1076 2772 Melam
1095 2699 1130 2767 in

82 2783 206 2859 scennl'n
227 2781 349 2850 idduait
360 2783 409 2860 ,ἀ
424 2779 753 2867 deGenprapbiacum
765 2777 922 2849 inditore
933 2781 1036 2846 ueteri
1053 2773 1132 2846 Dia·

78 2869 225 2950 logorurn
242 2885 327 2932 more
338 2862 540 2932 disserentem
554 2863 650 2932 fecit:
671 2865 771 2930 Pauca
784 2881 887 2932 tameo
903 2865 1008 2931 reddit
1021 2865 1131 2946 melio-

80 2970 126 3016 ra.
171 2951 302 3016 iadicem
322 2969 360 3014 ex
383 2949 500 3016 Ortelii
522 2945 618 3016 nostri
646 2941 794 3016 Theatra
825 2946 994 3030 exscripsit.
1037 2946 1130 3098 chne

79 3053 155 3098 cnm
172 3035 213 3100 iro
229 3034 306 3110 siat,
318 3031 406 3118 spero
425 3053 488 3099 noo
505 3029 536 3096 su
563 3052 767 3100 ervacaneurn
780 3032 864 3099 bunc
875 3033 1013 3100 laborem
1023 3035 1056 3098 vi
1075 3051 1129 3100 um

79 3119 117 3188 iri
137 3116 206 3200 poli
222 3136 270 3186 tot
288 3115 458 3198 italorum,
484 3051 715 3200 Hlli'ranorum
739 3115 927 3196 Gallorum,
947 3110 1130 3182 Germano

77 3210 173 3280 rum,
204 3196 441 3288 Anglorur'nque
463 3201 712 3266 lucubrationes:
740 3200 946 3284 Reliquorum
968 3199 1055 3268 enim
1073 3218 1147 3274 τοι,

75 3303 194 3362 natus,
213 3297 266 3352 aut
281 3285 405 3352 minime
419 3283 546 3370 dignor,
567 3285 622 3369 qui
642 3281 724 3348 'aare
739 3285 937 3363 nominetur,
956 3279 1041 3348 risus
1057 3280 1140 3356 eila.

78 3389 134 3434 aur
147 3371 179 3435 io
194 3387 299 3434 marrus
317 3365 450 3446 nostras,
474 3367 568 3434 velia
583 3385 718 3434 mentem
735 3365 829 3432 etiam
844 3385 905 3432 non
922 3365 1020 3432 verriu
1064 3364 1132 3430 Ve-

22 3503 24 3528 2
78 3465 270 3518 fumantem
288 3470 337 3518 me
355 3453 460 3517 dicere
474 3449 652 3536 intelligent
670 3451 723 3534 qui
737 3452 844 3517 barum
857 3465 961 3514 rerum
979 3447 1073 3530 periti
1082 3449 1133 3531 ju·

23 3561 26 3610 ι
75 3537 184 3602 dices:
206 3535 326 3604 indolii
348 3535 429 3602 enim
474 3535 587 3600 rubent
608 3533 731 3612 nostra,
751 3533 1002 3616 comprobent,
1024 3532 1130 3600 eleum

80 3633 144 3686 nnn
167 3619 356 3695 interduim,
385 3633 420 3682 ut
467 3617 595 3686 lantinis
624 3633 713 3684 uter:
732 3635 792 3684 nee
806 3615 1151 3684 mecalumniatorum.

78 3693 1131 3782 sermones'abmemerendistudiodeterrebnatrlrzrrpuprlrrrln

76 3781 94 3862 il
114 3781 303 3864 μιμῆσεσθιιι.
326 3783 441 3865 Serpsit
457 3787 542 3852 enirn
556 3785 657 3852 nostra
678 3783 862 3868 tempestate
880 3783 941 3848 boe
959 3783 1072 3850 malum
1086 3781 1131 3846 lu*

76 3871 163 3944 tius,
185 3883 221 3934 ut
235 3887 274 3934 ex
294 3869 388 3936 alieni
408 3869 545 3946 laboris,
566 3888 631 3953 qno
646 3869 733 3952 jord,
757 3865 882 3951 quique
898 3865 1008 3948 injuria
1025 3881 1134 3958 reprc-

77 3952 251 4036 bennone,
270 3955 404 4024 nominis
416 3950 533 4020 sarnam
548 3953 911 4096 quidamxaucupentur,
932 3947 1137 4098 &alienaui-

677 4069 690 4096 A
717 4053 738 4100 X
758 4049 781 4106 Σ
1083 4045 1133 4114 12.
