2716 4552
182 257 965 356 PRAEFATIO.

68 448 200 533 affabre
226 445 449 526 debneatas
478 439 670 536 exhibet,
715 437 845 520 addita
886 439 1111 534 earumdem

70 559 348 666 descriptione,
390 571 517 657 atquew
541 552 705 634 ambitus
728 574 800 656 per
826 551 1007 656 passuum
1033 579 1108 640 nu,

70 695 183 755 meros
206 668 520 774 designatione,
559 666 597 744 dt
631 687 790 768 mappas
818 665 1111 774 Geographieas

69 787 214 885 Syriae,
248 777 512 866 Britanniae,
546 775 786 868 Hiberniae,
826 773 1110 882 Taprobanes,

68 889 437 994 saracems-rici,
469 885 703 993 Hispaniae,
733 887 904 982 Galliae,
934 891 1112 978 aliarum

69 1028 145 1107 que
165 1005 380 1108 regionum.
452 999 606 1082 Primae
632 1014 763 1078 autem
784 1003 972 1102 paginae,
1012 1029 1113 1108 qaae

71 1116 229 1194 frontem
261 1115 399 1219 operis
436 1109 666 1200 constituit,
706 1107 748 1188 dt
783 1112 823 1192 ln
856 1136 930 1212 qua
959 1117 1112 1220 aliquot

74 1221 198 1306 versus
222 1225 383 1330 elegiaci
412 1227 538 1305 aureis
566 1220 683 1300 literis
706 1217 1007 1326 lirprafundum
1024 1253 1113 1311 cae.

71 1337 214 1416 niseum
246 1335 395 1417 exarati
424 1330 618 1426 fuerunt,
656 1329 869 1436 scriptura,
909 1337 1017 1439 quod
1040 1339 1113 1424 do,

71 1445 247 1542 lendum,
291 1442 458 1552 prorsus
495 1446 655 1526 wanuit
679 1460 834 1550 praeter
871 1469 993 1528 voces
1024 1449 1113 1538 Ma:

69 1555 214 1639 DUCE
232 1556 335 1666 QUI
346 1609 362 1649 ,
394 1554 573 1660 aquibus
592 1553 813 1660 postremus
825 1553 959 1638 versus
977 1561 1115 1666 elegia.

69 1690 134 1747 cus
166 1668 314 1748 isitium
349 1669 491 1774 cepit:
539 1664 767 1750 infecunda
798 1683 933 1751 autem
958 1669 1116 1756 Audlot

67 1776 345 1884 praefationem
369 1776 595 1884 auspicatur
624 1775 730 1858 hisce
754 1779 918 1862 verbis:
949 1833 980 1876 „
1015 1782 1117 1868 Om-

67 1946 96 1986 „
124 1890 228 1972 nium
245 1888 467 1972 insularum
485 1888 608 1970 nostri
625 1889 765 1984 maris,
792 1888 902 1994 quod
918 1891 1118 1980 admirer.

68 2057 98 2098 ‚,
123 2023 277 2083 mneum
303 2000 496 2096 dicimus,
532 2002 657 2082 exteri
670 2006 791 2082 etiam
813 2003 966 2111 pelagi,
1002 2007 1115 2108 quod

67 2167 98 2210 „
125 2109 323 2196 Oceanum
353 2114 576 2220 appellant,
606 2135 700 2216 quas
720 2112 880 2216 quidem
896 2119 1039 2220 partim
1057 2123 1118 2202 vi-

67 2279 96 2320 „
125 2220 278 2319 dimus,
306 2227 781 2331 partimexantiquorum
797 2224 998 2329 nostrique
1016 2247 1117 2312 tem·

65 2390 94 2430 „
120 2339 224 2440 poris
242 2334 472 2418 nullorum
486 2335 754 2418 monumentis
771 2333 1004 2441 scriptisque
1020 2363 1117 2446 oog.

68 2501 97 2541 „
123 2451 333 2544 maianus,
370 2449 472 2530 liber
496 2447 559 2527 hic
581 2469 710 2554 nuper
732 2471 751 2524 a
775 2445 890 2528 nobis
910 2449 1118 2532 elucubra-

68 2613 96 2652 „
123 2575 184 2638 tus
219 2559 429 2641 illustratas
465 2560 644 2641 continet
667 2555 972 2664 descriptiones,
1016 2587 1114 2668 qua-

67 2723 96 2764 „
124 2695 206 2752 rum
230 2672 452 2777 positiones
464 2723 486 2767 .,
527 2669 658 2764 situs,
703 2672 908 2766 civitates,
938 2675 1117 2781 oppida,

68 2832 95 2874 „
123 2803 290 2885 portus,
327 2780 517 2876 flumina,
551 2778 713 2876 sontes,
749 2780 887 2876 divas,
923 2807 1114 2888 promon-

68 2943 94 2988 „
120 2893 242 2987 toria,
280 2917 376 2996 quas
405 2895 499 2974 caeli
521 2893 651 3000 plagas
677 2891 901 2998 respiciant,
941 2897 993 2975 ita
1025 2917 1118 2978 exa*

69 3057 98 3096 „
122 3006 282 3085 mussrm
317 3001 528 3110 depingere
559 3001 817 3108 expresseque
840 3005 1017 3112 effigiare
1053 3006 1120 3090 su·

71 3165 99 3207 „
123 3138 214 3195 mus
235 3118 384 3209 conati,
426 3133 472 3195 ut
492 3115 531 3196 &
547 3113 702 3196 nostrae
719 3111 937 3220 diligentiae
954 3118 1117 3196 minimo

69 3279 98 3319 „
125 3251 199 3307 nos
217 3227 440 3332 poeniteat,
479 3225 519 3307 ἂ
542 3225 630 3306 satis
647 3225 845 3332 jocundos
870 3223 1026 3306 fruetus
1044 3249 1114 3308 eos

69 3387 95 3428 „
123 3355 380 3442 percepturos
423 3336 511 3418 fore
551 3338 822 3434 arbitremur,
876 3337 943 3439 qui
984 3335 1117 3420 nostra

69 3500 95 3538 ‚,
123 3447 222 3526 haec
252 3451 425 3553 legerent
448 3449 613 3542 littora,
662 3445 701 3526 &
732 3469 898 3542 eorum,
943 3445 982 3530 a
1012 3474 1116 3553 quae

70 3609 98 3648 „
128 3561 252 3662 capita
287 3575 434 3640 vocant
470 3576 639 3654 nautae,
684 3557 850 3640 maxime
885 3580 933 3641 eo
969 3560 1112 3642 instru-

72 3721 101 3762 „
126 3686 293 3766 mento,
348 3669 459 3774 quod
498 3672 662 3751 chartam
692 3671 963 3775 naaigatoriam
997 3671 1116 3758 iidem
1187 3757 1194 3776 ,

71 3830 99 3872 ,,
126 3782 347 3884 appellant,
392 3805 454 3861 eas
482 3783 609 3862 omnis
628 3783 945 3863 circumscribere
964 3779 1117 3864 studui·

72 3941 99 3982 „
125 3913 233 3982 mus,
269 3894 322 3972 ita
349 3907 395 3970 ut
420 3892 644 3986 credamus,
684 3893 1000 3998 navigationibus
1033 3915 1116 3976 non

71 4047 101 4091 „
124 4021 247 4106 parvo
273 4001 361 4086 usui
390 4000 569 4088 futurum
594 4003 702 4086 hunc
729 4004 900 4086 laborem
920 4000 1112 4195 nogrm

909 4165 939 4214 „
1017 4135 1122 4216 arra3
