2760 4542
209 233 956 314 ADPOMP.MELAM.1.tn.Ill.Cm.
983 237 1066 314 vn.
1116 247 1189 336 agr

48 379 57 388 ⁴
133 413 265 479 natue,
295 395 367 462 cnm
389 391 498 462 scribit
519 411 592 462 ante
616 394 838 480 Taprobanam
860 393 950 463 ntum
980 395 1047 464 esse
1074 415 1188 482 agmen

133 497 201 548 cta
221 495 489 547 occnxxvrrr.
516 477 684 545 insularum
729 479 850 545 Harum
870 499 1000 630 quogne
1020 479 1185 548 manifeste

133 567 327 630 mentionem
351 561 429 628 facit
446 561 661 649 Topograplriae
678 557 863 644 Christianae
885 563 935 630 Au
968 581 1024 630 or:
1046 561 1142 650 ssepa&
1155 563 1188 625 δὲ

132 643 333 729 Ταπροβάνης
364 645 416 705 ciel
439 648 516 720 nitar
539 647 661 726 μικραὶ,
681 651 788 706 πολλαὶ
811 645 906 706 eatm·
928 648 1021 708 rerer
1041 647 1071 708 δὲ
1089 647 1188 724 γλυκύ

131 729 206 810 ὕδωρ
221 731 341 805 ἔχουσαι
364 731 415 788 tal
431 725 596 807 dpye'nntar
631 725 795 790 ἀσσόταται
822 728 853 790 te
876 729 915 798 ὡς
941 727 985 792 ἐπὶ
1000 729 1034 792 τὸ
1049 739 1187 794 altstete

131 813 224 875 teitan
243 813 318 872 εἰσίν.
334 869 338 878 ,
358 811 532 878 Palinurum
548 810 721 877 Indicarum
740 810 879 878 frustum
905 829 999 879 vocnt
1024 811 1182 898 ἁργέλλιαε.

131 895 250 980 Nurgel
268 891 379 960 Persae
390 896 545 978 appellant
555 940 566 972 ,
577 893 709 960 Lusitani
722 894 944 962 Cocorrhorum
959 911 1110 976 nusquam
1131 917 1186 964 ne·

158 997 196 1044 ue
213 979 310 1060 major
324 995 425 1062 neque
443 977 567 1044 felicior
580 977 822 1060 estproventus,
834 980 968 1061 atquein
983 977 1089 1046 insulis
1099 980 1184 1050 Mal·

133 999 228 1127 giris.
272 1059 358 1125 Idem
379 1061 502 1126 Anslor
514 1079 575 1126 non
593 1059 697 1128 multo
712 1057 784 1141 pbst
799 1061 892 1144 ipsius
908 1080 1036 1148 quoque
1047 1062 1183 1144 insulae,

131 1163 172 1212 ac
185 1144 269 1228 regis
283 1139 383 1205 Matr
392 1145 579 1210 mentionem
591 1143 669 1210 facit
679 1190 689 1222 ‚
699 1143 846 1224 additque
855 1146 946 1228 piper
953 1145 1183 1232 inditionecJus

133 1226 310 1314 provenire.
353 1225 447 1291 Unde
470 1243 597 1308 apparet
625 1244 732 1292 verum
755 1224 822 1292 esse
845 1227 898 1302 id,
919 1229 1003 1310 quod
1020 1231 1184 1328 indigenae

134 1329 240 1374 earum
261 1305 423 1376 insularum
450 1311 624 1388 affirmant,
647 1327 760 1374 nomen
782 1309 837 1376 fibi
859 1307 925 1374 esse
952 1312 1066 1378 abana
1085 1311 1185 1382 insula

133 1392 241 1468 Mala,
260 1393 290 1458 in
307 1411 368 1476 qua
383 1393 472 1470 Rex,
494 1395 545 1460 cui
558 1409 682 1458 ceterae
699 1411 831 1486 quoque
843 1409 961 1474 parcnt·
999 1395 1113 1462 Errant
1127 1399 1185 1464 ita·

133 1495 198 1562 que
211 1476 258 1544 illi
276 1477 330 1558 qui
344 1473 514 1540 Maledirur
530 1492 641 1560 purant
658 1475 720 1539 dict
739 1475 824 1558 quast
844 1475 931 1542 mille
953 1474 1087 1558 insulas,
1108 1483 1183 1564 quin

131 1559 210 1626 malr
238 1559 323 1626 inille
345 1559 492 1642 significat
520 1559 641 1643 Lingua
668 1556 887 1625 Malabarrica.
944 1559 1060 1628 Verbtr
1090 1567 1184 1630 etiam

132 1643 315 1710 Ammianus
332 1643 403 1708 clim
425 1640 520 1706 Diras
547 1642 577 1708 dt
608 1641 780 1706 Sertadirnr
806 1637 969 1722 recenset,
991 1663 1053 1710 non
1069 1645 1183 1714 dubito

134 1727 209 1808 quio
224 1745 278 1808 pet
291 1726 351 1792 llos
367 1723 624 1809 Taprobnntnscs
635 1768 646 1800 ,
659 1743 717 1808 per
734 1725 854 1806 priores
870 1723 949 1790 verb
968 1727 1183 1796 Maldivenses

132 1809 337 1876 intellexerit.
361 1805 432 1890 lpse
445 1823 603 1888 practerea
616 1807 691 1876 litua
710 1809 805 1876 docet
817 1853 828 1888 ‚
839 1809 915 1874 nihil
932 1809 986 1876 lrlc
1001 1809 1185 1878 immutasse

131 1910 284 1960 naturam.
306 1891 422 1962 Tradit
442 1891 560 1958 Plinius
574 1907 701 1976 portum
716 1889 834 1958 insulae
852 1891 920 1956 esse
944 1893 982 1958 ad
1009 1897 1184 1967 meridiem.

133 1974 218 2074 Quis
235 1973 359 2060 dubitet
375 1975 449 2056 quin
464 1975 520 2042 ille
533 1975 590 2054 fit,
625 1991 695 2040 uem
718 1973 794 2043 Gale
812 1973 911 2058 vulgo
925 1977 1186 2058 nominantmm·

131 2077 220 2128 nrum
238 2079 300 2124 non
318 2054 437 2126 insulae
454 2057 571 2124 tantlrrn
582 1991 654 2134 ,sea
668 2057 766 2126 totins
780 2057 861 2142 pene
878 2057 1017 2126 Orientis
1034 2061 1185 2146 praestan·

133 2141 293 2210 tissimus?
315 2139 442 2207 Clarum
465 2141 572 2224 itaque
591 2137 773 2216 Oceanum,
797 2139 868 2204 citor
887 2141 960 2208 alibi
974 2142 1184 2229 praescriptos

133 2223 237 2294 ferme
253 2223 310 2292 libi
329 2225 448 2292 limites
464 2221 682 2300 servarit,ncc
697 2223 750 2290 hlc
761 2239 875 2288 tantam
893 2223 1021 2310 stragem
1042 2227 1185 2296 edidisse.

134 2309 269 2376 Maneat
283 2307 338 2374 ille
352 2307 561 2392 qualis-olim,
582 2306 652 2372 talis
668 2323 750 2372 nune
777 2321 927 2390 quoque,
949 2329 1008 2376 nec
1021 2313 1186 2380 credamus

124 2391 264 2461 ‚insulam
281 2393 360 2458 banc
381 2393 528 2476 analeum
547 2389 709 2458 Atlantide
729 2389 889 2459 Platonica
911 2389 1059 2460 avolasse.
1105 2397 1188 2462 Orio

133 2476 296 2546 abundant
313 2474 367 2560 qui
382 2471 551 2540 istiusmodi
568 2473 802 2556 Aegyptiorum
820 2469 965 2552 sabellis,
987 2477 1051 2560 jam
1069 2479 1185 2546 millies

134 2559 318 2646 productis,
339 2557 498 2642 totiesque
520 2557 673 2628 necastis.
698 2575 803 2624 aurem
822 2559 1032 2628 commodant.
1076 2561 1187 2656 Quint

135 2639 322 2714 constans&
341 2641 456 2708 tenoris
478 2639 521 2706 sui
550 2637 718 2706 observans
739 2639 775 2704 lit
796 2658 898 2704 rerum
923 2658 1031 2708 natura
1055 2645 1186 2722 pateat

124 2722 306 2808 .Bosporis,
328 2725 540 2805 omnibusque
563 2725 702 2788 omniunt
732 2737 882 2814 tetrarum
906 2720 1009 2790 fretis.
1053 2725 1095 2794 lis
1116 2727 1189 2794 clim

139 2805 305 2892 praecipue
325 2809 453 2873 marium
482 2811 512 2870 dt
542 2805 635 2888 ipsios
653 2805 769 2870 Oceani
786 2806 834 2868 vis
852 2801 971 2889 semper
987 2809 1189 2888 incubuerit,

140 2889 251 2956 eadem
274 2904 374 2956 tanren
390 2887 537 2974 ubiqutd
555 2905 604 2952 tot
623 2905 773 2956 annorum
792 2887 931 2954 millibus
940 2915 956 2968 ,·
973 2891 1054 2958 &ab
1069 2889 1136 2974 ipso
1150 2909 1186 2958 ut
1285 2892 1291 2902 '

139 2971 307 3040 verisimile
321 2971 366 3040 est
387 2992 491 3040 rerum
512 2971 663 3050 exordio,
684 2967 808 3038 servant
831 2971 1005 3041 intervalla.
1050 2975 1188 3042 Currant

119 3055 216 3123 licet
232 3073 269 3122 ac
285 3073 441 3126 recurrant
456 3056 573 3132 undae,
585 3053 731 3118 allatrent
748 3055 954 3138 undequaque
975 3055 1086 3123 lluslns
1097 3107 1107 3136 ‚
1119 3057 1185 3126 for·

136 3141 201 3206 tius
224 3137 269 3206 est
288 3139 474 3212 clementum
495 3137 580 3218 quod
596 3135 715 3220 'refislit
736 3181 747 3214 ,
781 3135 874 3220 quarn
901 3139 987 3220 quod
1009 3159 1030 3202 o
1054 3157 1185 3226 pugnat.

135 3223 229 3291 Exest
247 3219 367 3306 scopuli
383 3241 420 3288 ac
435 3221 517 3288 vasta
531 3223 622 3286 maria
637 3237 745 3289 antra.
768 3217 841 3286 satis
865 3221 981 3302 ubique
1001 3161 1186 3302 alfordum,

136 3323 289 3391 quantum
315 3305 431 3370 Oceani
456 3305 589 3387 impetus
610 3301 693 3400 lapsu
721 3301 895 3370 seculorum
919 3302 1013 3382 possrt
1042 3307 1185 3376 efficere:

135 3389 245 3456 verltm
255 3390 329 3456 haec
344 3386 408 3472 ipsa
430 3405 579 3471 quoque,
592 3385 667 3472 quid
686 3405 749 3456 non
767 3385 862 3470 possst
879 3389 1004 3454 efficere
1021 3389 1184 3472 Oceanus,

135 3471 240 3540 multo
262 3471 378 3540 clarius
401 3469 578 3538 ostendunt.
623 3469 791 3536 Videamus
816 3489 897 3538 nunc
916 3487 1065 3554 quaenam
1088 3475 1186 3542 maxi·

136 3553 189 3620 me
214 3551 304 3620 causa
326 3552 447 3634 fuerit,
470 3553 676 3639 quamobrem
697 3552 813 3622 vallam
837 3548 918 3618 adeo
938 3555 1185 3636 magnitudinem

136 3635 347 3718 Taprobanis
375 3637 574 3704 attribuerint
605 3635 745 3702 Veteres.
788 3635 929 3704 Primum
960 3638 1087 3720 quidem
1108 3639 1187 3708 illud

121 3739 274 3800 ¹moneo,
295 3739 360 3788 non
379 3717 546 3796 defuisse,
565 3719 619 3800 qui
639 3718 825 3804 designando
845 3721 911 3802 ejus
933 3717 1054 3802 spatio,
1083 3723 1187 3792 minua

139 3801 320 3880 aberrarint.
339 3803 414 3872 Hos
437 3805 519 3872 inter
534 3801 648 3870 meritb
670 3799 849 3868 recensendi
865 3801 937 3867 sunt
954 3800 1187 3876 Ontfieritus&

137 3883 298 3986 lambulns
318 3885 402 3972 apqd
422 3883 607 3968 Diodorum
619 3885 777 3964 siculum,
799 3903 935 3970 qnorum
949 3900 1082 3972 uterque.
1099 3891 1191 3974 quia·

736 3967 878 4066 Gens
1132 3989 1198 4066 que
