2714 4534
217 221 312 318 1046
428 209 1051 292 uuu1cu'r10rtus

223 385 307 455 suam
321 379 376 448 luc
388 377 419 444 in
443 391 480 444 re
501 373 630 460 aliisque
648 370 826 460 hujusmodi
842 376 1034 548 diligentiam
1050 370 1213 452 ostendit,
1231 369 1281 438 ita

226 470 317 536 etiarn
331 461 528 550 prudentiam
544 457 563 542 (
570 459 607 523 ed
619 475 685 525 erm
699 459 781 526 enirn
798 460 895 526 reden
936 460 987 524 vel
1007 460 1039 524 in
1055 459 1095 526 iis
1112 476 1198 542 quae
1215 454 1283 521 sae·

225 569 265 640 pc
283 553 377 618 iterat
394 543 518 624 verbis,
540 543 575 608 Si
582 537 672 623 fidem
685 561 731 607 res
745 545 846 626 cupii,
868 545 903 608 Si
917 545 1031 608 credere
1045 541 1145 618 libet,
1167 543 1205 608 Si
1220 559 1286 600 ere·

227 637 342 710 dcitur,
366 627 410 698 Ut
421 627 539 710 serunt.
562 641 666 710 neque
685 631 767 693 enim
785 629 879 712 magis
893 643 985 696 caure
1006 627 1176 712 quisquam
1192 622 1285 707 loqui

226 716 331 808 posit.
373 710 419 778 At
438 710 535 778 multa
555 725 679 791 uenat,
709 727 788 795 quae
812 729 908 861 ouum
932 711 1028 778 fidem
1052 729 1120 776 non
1143 725 1284 772 merean-

226 819 298 878 tur,
333 809 435 864 trmen
483 789 710 860 :relatiuncula
732 797 818 860 talin
861 813 902 858 eo
925 813 990 860 rron
1008 793 1285 878 praemuniuntur.

224 885 299 969 Ego
322 899 401 946 vero
417 811 609 962 relssondeo,
633 877 767 964 primurn
788 897 850 943 nou
864 877 994 944 dicenda
1015 873 1087 942 esse
1103 874 1205 944 fidem
1224 891 1284 940 non

225 967 341 1034 mereri
352 1005 366 1042 ,
417 974 608 1044 uaecumque
628 977 695 1026 enm
721 963 832 1026 mereri
850 980 910 1028 non
930 962 1081 1027 videntur
1099 1007 1111 1039 ,
1135 959 1285 1025 multum·

226 1069 290 1137 que
309 1049 391 1116 inter
430 1061 484 1109 aec
498 1042 562 1109 duo
583 1040 650 1110 esse
671 1042 876 1123 discriminis,
907 1044 1021 1111 deinde
1041 1047 1145 1112 multa
1162 1043 1284 1126 majori·

228 1135 288 1201 bus
304 1129 414 1198 nostris
431 1129 518 1194 illum
535 1126 708 1210 legentibus
725 1129 918 1196 incredibilia
938 1129 1039 1194 videri
1062 1125 1237 1212 potuisse,
1257 1128 1285 1192 io

226 1218 268 1286 iis
287 1214 416 1300 quande
432 1210 688 1278 vrriisvariarum
702 1213 841 1298 gentium
854 1211 991 1278 moribus
1001 1209 1134 1289 scribit,
1157 1211 1201 1300 de
1221 1211 1287 1292 qui·

229 1303 291 1370 bus
309 1296 506 1384 quotidianae
516 1293 674 1362 bominum
688 1295 806 1363 nollrne
824 1297 936 1363 aetatis
960 1295 1181 1380 navigationes
1199 1293 1289 1358 dubi·

230 1383 367 1451 tarevix
387 1379 503 1448 fiuuut·
552 1377 658 1463 Atque
679 1377 734 1446 hic
749 1381 953 1446 commodum
979 1381 1009 1445 in
1037 1395 1181 1446 mentem
1214 1375 1286 1442 milri

229 1467 320 1534 uenit
336 1466 403 1548 ejus
426 1461 511 1548 quod
527 1459 694 1546 aliquando
719 1463 801 1546 :pud
825 1463 1033 1531 douisllrnurn
1062 1464 1155 1531 illum
1184 1464 1288 1528 virum

248 1549 336 1615 nach.
357 1545 565 1614 Camerarium
587 1543 701 1629 (cnjus
721 1547 786 1632 jam
809 1543 982 1618 irriennio
1009 1548 1123 1628 lugere
1147 1563 1286 1612 mortem

227 1551 345 1704 {elusae
353 1647 500 1713 utraeque
510 1645 575 1694 non
586 1627 752 1711 uoluunt)
763 1631 920 1696 Commonr.
930 1630 1016 1696 inV.
1030 1629 1151 1714 iirseul.
1161 1625 1285 1724 Quaeri.

231 1715 402 1794 Ciceronis,
425 1711 513 1798 legi,
533 1711 609 1777 illud
628 1711 798 1779 deluditis
815 1715 984 1790 uxoribus,
1006 1711 1025 1780 d
1043 1715 1288 1800 navigatoribus

231 1800 358 1886 nuperis
372 1793 439 1864 osse
453 1793 685 1873 confirmatum:
718 1796 827 1888 Quum
850 1798 934 1863 eninr
952 1797 1025 1866 cre.
1050 1795 1137 1881 Trrse.
1162 1791 1284 1898 Quncll.

232 1884 288 1951 lib.
308 1901 339 1950 v.
363 1879 497 1946 scribat:
527 1877 672 1945 Mulieres
695 1897 761 1945 uero
778 1879 941 1963 inludia,
972 1899 1065 1966 quum
1080 1878 1124 1964 est
1146 1898 1289 1970 cujusque

231 1987 335 2032 eorum
353 1968 565 2045 uirorumue,
594 1965 628 2027 in
647 1976 793 2030 certamen
802 1965 1005 2052 judiciumque
1028 1970 1179 2047 veniunt,
1204 1982 1291 2050 qrronr

225 2051 397 2140 plurimum
413 2049 464 2112 ille
478 2048 635 2115 dilexerit:
658 2050 775 2132 (plnres
793 2053 870 2114 enim
882 2047 1120 2140 fingulirstrlerrt
1141 2048 1202 2133 erse
1217 2061 1289 2130 nop-

232 2132 311 2215 tae)
341 2123 478 2214 quaeest
504 2130 635 2211 utrix,
659 2151 694 2195 ca
717 2134 814 2213 laetu,
840 2145 896 2218 pro
908 2135 1082 2219 equentibus
1099 2133 1200 2218 suis,
1230 2133 1287 2196 urni

225 2237 295 2284 rum
314 2217 377 2279 uiro
393 2215 427 2276 irr
443 2229 544 2298 rogum
559 2215 741 2310 imponitur:
767 2217 822 2280 illu
842 2220 874 2281 ri
902 2237 940 2298 a,
968 2213 1075 2302 moesia
1096 2217 1236 2300 discedit.
1259 2217 1288 2281 in

227 2319 300 2366 cum
322 2299 425 2365 locum
448 2295 682 2378 Camerariuss
698 2297 904 2378 Herodotus,
937 2303 1058 2388 inquit,
1083 2297 1287 2384 Terpsichore,

228 2385 271 2450 de
283 2379 451 2452 Thracici:
465 2377 647 2446 mulieribus
660 2383 721 2447 hoc
733 2381 860 2452 tradidit
872 2427 884 2463 ,
895 2403 1004 2451 corum
1017 2386 1072 2469 qui
1087 2383 1179 2469 supra
1194 2384 1287 2451 Cres·

228 2465 336 2533 runios
356 2463 423 2530 loca
438 2463 637 2557 incolerent..
662 2461 876 2544 Etaliouanro
890 2469 976 2552 post:
998 2467 1059 2534 Sed
1070 2469 1219 2554 plerique
1231 2469 1282 2532 alii

226 2567 337 2616 omnes
362 2543 536 2616 deluditis
560 2545 741 2614 mulieribus
762 2549 841 2614 lianc
863 2551 1021 2622 historiam
1046 2552 1222 2618 tradidere:
1250 2551 1282 2615 d:

227 2631 278 2700 isti
295 2633 488 2716 navigatores
510 2631 618 2714 nuperi
638 2630 719 2696 idern
736 2649 887 2714 narrant:
904 2653 1026 2719 nosque
1046 2623 1226 2702 audirimus
1244 2635 1282 2696 dc

233 2716 368 2804 quodem
390 2713 444 2800 qui
463 2714 627 2780 affirmaret
643 2713 759 2780 vidisse
777 2714 840 2782 huc
854 2715 887 2783 se
900 2721 1002 2786 octtlit
1020 2715 1095 2786 suis.
1117 2719 1218 2784 Addit
1233 2736 1285 2784 ve·

231 2799 315 2866 ro&
331 2797 490 2866 Plutarchi
504 2797 561 2863 hoc
575 2798 615 2863 de
626 2816 659 2862 re
673 2799 799 2877 locum,
820 2819 880 2874 nec
893 2823 956 2873 uun
970 2803 1197 2888 Propertirnut
1213 2819 1281 2866 ver·

233 2881 306 2962 sut,
327 2899 460 2968 quorum
481 2881 599 2965 primus
615 2879 679 2962 est,

410 3046 500 3114 Frlir
516 3047 589 3115 Eois
603 3046 651 3114 lex
658 3048 784 3132 funeris
802 3073 863 3120 uon
881 3055 1024 3124 moritis:

235 3216 287 3284 his
305 3215 461 3301 subjungit
475 3233 515 3282 cx
529 3213 676 3284 Diodoro
691 3217 863 3302 historiam,
878 3223 920 3289 de
933 3221 1137 3292 contentione
1151 3237 1222 3290 orta
1239 3222 1280 3288 in·

234 3319 285 3368 ter
298 3301 373 3366 duas
390 3299 482 3364 Cetei
499 3299 679 3383 cujusdam,
708 3305 761 3385 qui
775 3303 907 3373 Eumeni
923 3309 1056 3374 militans
1073 3309 1283 3388 occubuerat,

237 3401 371 3463 uxores,
394 3399 463 3448 utra
481 3383 541 3448 lroc
551 3382 728 3450 afficeretur
749 3388 888 3470 nonore,
909 3389 999 3458 defui
1014 3395 1118 3458 meriti
1135 3411 1217 3479 rogo
1230 3394 1286 3457 iru-

233 3467 356 3550 polita‚
386 3463 445 3532 und
468 3481 541 3530 curn
569 3485 609 3530 eo
631 3484 831 3536 cremaretur.
882 3471 973 3541 Haec
991 3490 1097 3541 autern
1120 3495 1221 3562 quum
1243 3475 1286 3539 ira

232 3549 312 3628 lint,
333 3550 365 3612 dt
384 3565 480 3632 quum
499 3551 538 3616 erl
555 3551 820 3621 haeotestinronia
838 3556 896 3622 alia
913 3557 1008 3625 multa
1024 3560 1200 3638 accedant,
1229 3558 1286 3624 mi·

234 3631 538 3727 remuneratum,
569 3635 647 3700 hanc
665 3653 731 3702 renr
751 3637 790 3702 de
808 3637 971 3710 Thracum
995 3643 1147 3709 uxoribus
1167 3661 1286 3711 narran-

183 3745 187 3754 v
235 3733 319 3794 tem,
342 3713 394 3780 rlla
420 3731 513 3798 quam
538 3715 602 3782 dixi
624 3717 869 3800 praefatiuncula
899 3743 960 3791 nnn
983 3723 1049 3789 erse
1067 3723 1186 3792 usum?
1217 3727 1284 3793 Alie

233 3818 312 3868 vero
331 3795 402 3894 sunt
416 3800 499 3882 apud
521 3797 662 3878 Melam,
681 3801 805 3874 ficut&
824 3807 907 3892 apud
919 3807 1063 3874 'coeteros
1080 3807 1283 3897 Gengrnnlror

142 3931 145 3945 .
230 3897 327 3966 etque
346 3879 548 3966 Historicoe,
569 3885 604 3954 iu
617 3883 656 3953 iio
674 3901 753 3974 qune
770 3889 809 3958 ad
829 3891 970 3976 gentium
982 3909 1086 3962 moret
1102 3894 1282 4046 &siniriacum

243 4013 250 4022 .
1141 3995 1184 4060 pe
1232 3991 1283 4040 ntr
