2764 4552
243 211 318 312 νος
367 212 649 292 ts.·voss11
679 190 1172 294 oasa'nvna'rorvns

245 375 431 454 ικοςιμήννι.
444 369 1292 452 Θοιιιιιιοικιτομήνςείὶιιιιιειιιιοὸιοΐιιηιὰίιῐιιιιο.

246 457 330 552 Quia
345 475 449 525 autem
464 473 527 523 tarn
542 457 709 542 benignum
729 459 946 542 navigantibus
967 456 1084 525 Dianae
1098 460 1201 538 fidus,
1221 463 1297 528 ideo

244 545 338 610 etiam
360 541 475 608 Pharos
491 555 635 624 tanquam
653 539 773 610 Dianae
793 542 946 620 vicarias,
971 539 1071 607 eidem
1090 543 1168 607 deae
1183 543 1295 611 conse·

244 639 380 692 orarunt.
424 621 605 690 Ammianus
627 621 835 690 Marcellinus
862 623 915 690 lib.
941 643 1017 691 xxrr.
1049 623 1295 691 Promantarham
1374 679 1376 696 .

244 699 335 778 Ceras
350 706 565 789 praelucentem
580 707 705 769 navibus
720 704 824 780 vehens
837 701 1027 790 consimilem
1043 705 1143 784 celius
1156 721 1293 790 turrern,
1374 697 1376 716 ¹

255 787 419 876 'eapropter
451 783 646 866 ΕΛΑΤΑΣ
678 789 873 872 appellatur,
910 789 948 864 H
979 802 1061 854 vetut
1094 793 1160 855 inde
1205 805 1294 858 aetas

242 811 339 958 Hript'
348 871 544 958 praegelidus.
588 872 729 940 Omnino
743 873 908 960 legendum
930 871 975 940 est
991 867 1154 937 EKATA
1187 926 1195 941 .
1237 877 1296 943 Se·

105 955 110 962 '
241 959 376 1044 quentia
398 954 520 1039 optime
541 953 583 1022 stc
596 955 773 1021 emendavit
793 953 895 1021 Lucas
909 955 1109 1035 Holllenius,
1131 956 1169 1029 δ’
1184 971 1293 1023 ventor
1374 955 1375 992 ³

243 1042 425 1124 indefectus
437 1041 511 1104 ariri
520 1038 717 1124 praegelidus.
760 1035 890 1106 Causam
906 1057 1000 1122 quare
1018 1039 1157 1106 Hecatae
1170 1037 1201 1106 id
1217 1061 1294 1128 pro·

243 1123 436 1191 muntorium
450 1121 651 1204 dedicarunt·
674 1119 782 1204 prodit
799 1122 972 1204 Stephanus
990 1123 1115 1188 invoca
1135 1120 1292 1204 Βόσπορος.

240 1205 313 1274 Ὅτι
330 1203 475 1268 Φιλίππου
491 1203 543 1265 τοῦ
561 1201 739 1272 Μακεδόνος
749 1203 942 1284 ¹lroprlfaavrat
955 1203 1037 1265 κοινοὶ
1057 1205 1109 1282 τὴν
1125 1215 1207 1268 trahea
1247 1213 1298 1269 ιὀιν

242 1289 350 1364 εἶ’σοδον
376 1288 521 1372 κρυπτὴν,
542 1283 602 1348 ὅθεν
620 1285 744 1364 ἀφανῶς
768 1287 793 1348 ol
809 1281 975 1371 ὀρύττοντες
992 1289 1115 1366 ἔμελλον
1137 1292 1189 1351 τοῦ
1217 1294 1294 1374 puy.

243 1395 343 1457 ματος
368 1371 525 1442 ἀναδῦναι,
553 1373 605 1432 aar
626 1367 743 1446 Ἑκάτη
768 1373 924 1453 Φωσφόρος
944 1365 1035 1442 adra,
1064 1369 1297 1450 retardarem

243 1461 356 1541 νύκτωρ
381 1461 440 1525 τοῖς
466 1457 596 1522 πολίταις
619 1455 766 1530 pavlvm,
793 1455 845 1517 vati
866 1454 919 1531 τὴν
942 1456 1103 1537 πολιορκίαν
1124 1456 1297 1534 φψόνι-ες,

244 1543 414 1626 φωσφόριον
433 1537 485 1600 τὸν
500 1537 588 1604 τόπον
606 1533 769 1614 ὠνόμασαν.
811 1533 844 1602 In
863 1537 975 1603 eodem
993 1543 1213 1622 promuntorio
1230 1541 1296 1608 fuit

243 1645 373 1712 quoque
386 1622 509 1690 Dianae
533 1618 701 1688 Luciferae
724 1619 894 1702 templum,
916 1621 955 1686 de
980 1639 1045 1706 quo
1062 1622 1134 1686 vide
1156 1622 1293 1690 Gillium

244 1711 278 1779 in
291 1708 410 1794 Brpptra
427 1703 562 1772 Πιοιιιίο.
582 1701 700 1768 Verltm
713 1702 873 1770 redeamus
887 1701 1121 1792 adAegyptiam
1136 1705 1294 1789 Pharum,
1362 1718 1367 1727 '

190 1835 192 1840 ,
245 1791 267 1862 ὲ
289 1811 349 1878 qua
369 1787 497 1856 nimium
512 1785 711 1854 divertimus.

284 1877 308 1942 l.
329 1880 382 1958 56.
405 1871 499 1955 Carsu
515 1871 575 1934 diei
589 1872 681 1934 totius
698 1867 846 1954 allatio]
864 1865 983 1939 Mirum
994 1870 1039 1939 est
1052 1885 1180 1954 veteres
1196 1891 1298 1960 quos-

247 1959 321 2027 dam
346 1973 408 2022 tam
433 1951 597 2040 religiosos
616 1951 713 2020 fuisse
737 1953 869 2020 Homeri
889 1957 1048 2032 cultores,
1068 1975 1104 2022 ut
1125 1960 1295 2029 maluerint

244 2059 350 2110 remor
362 2038 539 2106 naturam&
555 2037 645 2104 litum
659 2038 825 2122 regionum
840 2037 879 2102 ad
888 2041 953 2104 e'us
967 2039 1070 2124 po'efin
1083 2057 1295 2128 componete,

245 2125 340 2212 quim
361 2119 461 2206 ipsum
482 2121 594 2187 erroris
614 2139 646 2186 ar
670 2139 763 2203 uere,
790 2138 844 2188 aut
872 2118 903 2184 la
918 2139 980 2187 tem
1000 2129 1147 2205 poemata
1162 2127 1230 2208 ejus
1255 2132 1296 2196 ad

244 2209 291 2276 rei
303 2205 466 2273 veritatem
480 2204 617 2288 exigere.
694 2221 783 2287 empe
799 2203 883 2289 qood
903 2202 1018 2270 Tuscis
1037 2201 1082 2270 est
1094 2203 1241 2286 Danaes,
1261 2214 1295 2280 id

243 2294 311 2362 illis
330 2289 392 2356 fult
409 2289 578 2358 Homerus.
619 2283 717 2353 Nulla
732 2305 799 2352 erat
816 2285 968 2368 scientia,
988 2305 1079 2370 quam
1093 2307 1133 2353 ex
1147 2291 1294 2361 Homero

244 2375 315 2443 solo
337 2389 401 2439 non
421 2370 628 2438 existimarent
646 2367 714 2435 esse
734 2371 922 2452 petendam,
944 2389 985 2436 ne
998 2373 1149 2438 medicina
1163 2377 1293 2460 quidem

245 2473 376 2544 excepta
396 2473 432 2524 ac
446 2453 631 2536 chirurgica.
674 2452 757 2544 Quia
774 2453 934 2520 Homerus
950 2449 1067 2538 scripit
1082 2455 1215 2526 Pharum
1239 2481 1293 2528 na·

246 2541 412 2627 vigatione
421 2539 480 2604 diei
491 2533 597 2602 abesse
609 2535 647 2600 ab
658 2533 823 2622 Aegypto,
837 2535 908 2602 ideo
923 2531 1043 2602 scilicet
1053 2541 1217 2608 mutandus
1228 2543 1294 2612 fuit

246 2625 385 2712 Aegypti
410 2621 485 2691 srtus
507 2619 672 2698 naturalis3
704 2619 791 2684 nullo
815 2621 937 2686 aliunde
962 2621 1067 2704 petito
1088 2639 1293 2708 argumento,
1373 2661 1374 2684 t

255 2705 340 2776 'uhm
364 2725 404 2772 ex
422 2702 599 2792 aggestione
615 2703 698 2770 limi:
721 2701 829 2768 verhm
851 2701 915 2768 hoc
934 2701 1093 2790 inlignitet
1111 2705 1296 2778 confutavit

245 2731 441 2865 lintheum,
464 2805 558 2871 quern
573 2785 654 2851 vide.
698 2783 785 2852 Mihi
802 2785 894 2851 valde
906 2787 1073 2870 probabilis
1087 2789 1211 2858 videtur
1223 2796 1295 2878 opi.

246 2879 300 2948 nio
318 2872 550 2948 Eratosthenis,
572 2867 704 2934 dicentis
726 2867 994 2955 Homero'ignota
1009 2867 1105 2937 fuisse
1122 2871 1192 2939 Nili
1204 2877 1293 2948 ostia.

247 2957 403 3108 Explodit
416 2956 495 3022 hanc
511 2967 613 3020 tamen
633 2951 765 3048 Strabo,
787 2971 847 3018 non
860 2949 946 3036 sequi
962 2953 1126 3040 inquiens,
1148 2973 1185 3023 ιιι
1202 2959 1293 3056 igno-

249 3058 282 3111 ta
316 3041 435 3119 uerint,
448 3039 520 3123 quia
533 3054 593 3103 non
611 3050 769 3116 memrmt3
785 3053 856 3099 nam
868 3053 971 3122 neque
979 3038 1097 3120 patriae
1104 3043 1294 3112 meminisse.

247 3126 391 3200 Vetltm,
410 3137 446 3188 ut
460 3137 562 3206 puto,
585 3138 647 3185 non
660 3119 738 3184 bene
756 3115 915 3184 assecutus
927 3117 972 3185 cst
988 3120 1297 3194 Eratosthenismen·

250 3229 314 3284 tem
337 3206 461 3274 Strabo.
503 3201 721 3270 Eratosthenes
742 3201 816 3270 ideo
839 3201 919 3268 dixit
940 3201 1114 3270 Homerum
1139 3208 1299 3289 ignorasse

123 3289 126 3296 ’
248 3293 325 3364 ostia
348 3288 438 3369 Nili,
459 3305 521 3354 non
541 3287 612 3366 quia
630 3302 739 3350 cotum
764 3285 882 3350 nullam
902 3283 979 3350 iacit
1001 3289 1219 3376 mentionem,
1245 3293 1296 3360 led

248 3379 321 3464 quia
342 3373 474 3440 Pharum
491 3367 508 3435 a
524 3367 605 3435 Nilo
621 3367 681 3434 diei
697 3367 770 3435 navi
796 3368 900 3434 atione
918 3367 1020 3435 abelle
1034 3372 1174 3440 tradidit.
1222 3375 1298 3444 Hoc

248 3477 285 3528 ut
301 3455 494 3541 intelligatur
509 3449 666 3518 sciendum
684 3449 747 3532 est,
803 3451 878 3517 ilum
893 3452 933 3520 ab
946 3451 1090 3520 Homero
1104 3459 1214 3524 vocari
1234 3459 1297 3526 Ae·

268 3557 401 3630 ypram,
424 3536 510 3623 quod
529 3553 638 3602 ornnes
653 3549 780 3602 norunt.
821 3533 902 3602 Clam
919 3553 995 3620 ergo
1013 3535 1090 3604 dicit
1109 3537 1246 3606 Pharum
1259 3545 1298 3610 ab

250 3617 1295 3775 ·illll.t.lltl⁰³lll³tltlf“lttllhrttlill

247 3723 383 3890 Halmio
400 3805 462 3853 uno
479 3785 531 3850 die
545 3785 836 3880 percurrerepoteli
849 3749 939 3852 havis
952 3803 1049 3852 vento
1062 3786 1215 3856 stridente
1225 3731 1296 3867 ,luti

242 3883 291 3958 'att
314 3873 495 3951 Homerus,
516 3865 659 3955 impulsa.
704 3868 736 3936 St
758 3885 836 3955 ergo
852 3885 910 3953 per
931 3868 1116 3957 Aegyptum
1138 3875 1298 3942 intellexit

1198 3969 1312 4027 remo‘
