2714 4534
206 195 278 254 ιτ
326 171 982 259 PRAEFATIONES.
1034 203 1130 279 1043

45 331 156 404 ssrum
173 333 242 404 dari
261 333 437 406 videamus.
478 337 522 405 Et
538 357 605 406 non
630 337 734 406 multo
757 338 827 423 post
848 341 889 410 ab
910 363 950 410 eo
972 341 1092 430 scribi,
1113 367 1130 409 ι

45 421 85 482 be*
98 415 159 484 τοῦ
172 419 368 504 Ταρῤκκῶνος
377 469 388 504 ,
409 419 456 484 t‘ri
464 417 514 483 riv
530 431 613 504 ripert
627 423 679 483 τοῦ
699 419 836 506 Ἴβηρος,
850 425 931 488 κατὰ
952 425 1132 511 Arretium

49 513 160 574 πόλιν.
183 505 372 588 Exemplum
387 507 470 574 niiud
489 503 607 588 iniigne
629 505 672 572 cst
687 507 740 571 iib.
761 527 810 574 11.
832 527 900 592 cao.
916 531 946 596 γ.
969 511 1008 578 In
1022 513 1066 578 M
1101 527 1131 578 to

47 588 210 672 Cythera,
232 599 336 651 contro
358 587 492 654 Mtirom
509 589 631 670 emisstt,
654 587 691 660 i?
709 588 883 676 Theganusa
902 606 1007 660 contro
1067 600 1129 662 cri·

48 683 135 736 tam.
161 690 259 758 quum
268 673 352 740 enim
368 675 419 740 bic
434 673 544 740 eodem
564 673 859 757 metamorph-oscus
876 691 990 760 genere
1007 679 1127 832 Ortutfa

48 755 88 820 in
111 755 221 840 emisso
246 770 400 823 mutatum
428 753 495 822 csse
515 757 582 822 duo
599 757 694 823 ctiam
722 775 830 824 vetera
855 764 1041 846 exemplaria
1065 785 1129 831 ca·

49 855 173 922 ment,
201 837 344 906 lubenter
367 842 445 908 banc
463 841 747 918 metamorphosin,
774 843 904 926 eiusque
919 850 1125 929 memoriam,

50 921 262 1008 quantumin
283 941 334 988 me
349 922 484 1003 fuisset,
504 921 722 989 abolevissem.
746 925 798 990 Sic
810 945 913 992 autem
927 929 980 996 lib.
1006 949 1034 996 1.
1056 951 1125 1018 cap.

48 1025 86 1070 2.
113 1007 169 1072 ubi
188 1005 419 1089 scriptumest,
443 1005 514 1072 Inde
530 1009 668 1090 proxima
683 1003 723 1090 est
740 1005 881 1086 Arione,
901 1029 999 1094 quum
1020 1015 1126 1085 iocum

51 1089 151 1154 lodis
169 1091 278 1155 datum
294 1090 476 1157 adverbium
493 1093 560 1154 inde
576 1092 761 1176 occuparit,
782 1092 842 1157 iiiia
863 1094 952 1160 reiut
973 1097 1127 1182 postlimi-

52 1173 115 1240 nio
137 1173 170 1239 in
185 1173 276 1240 ilium
290 1175 392 1240 redire
412 1166 623 1259 permisissem.
669 1173 732 1242 Sed
757 1193 828 1240 roro
847 1193 949 1244 tamen
970 1179 1008 1244 ad
1027 1183 1125 1253 talem

50 1257 267 1323 mutationem
284 1259 393 1324 venire
407 1253 617 1342 oportuissett
647 1273 776 1322 atvero
801 1256 973 1342 scripturae
989 1267 1123 1335 mutatio

49 1343 87 1408 in
108 1341 147 1405 iis
163 1341 358 1424 vocabulis,
380 1343 498 1428 quaein
510 1341 571 1407 iliis
602 1357 730 1436 quoque
754 1341 946 1410 editionibus
961 1349 1124 1422 nominum

50 1423 259 1508 propriorum
270 1425 375 1490 locum
393 1442 520 1506 tenent,
535 1443 598 1490 non
610 1421 790 1504 infrequens
799 1421 929 1508 fuisset,
952 1445 987 1494 ut
1003 1431 1057 1499 lib.
1073 1450 1120 1498 ιι.

50 1527 128 1588 cap.
152 1529 183 1572 ι.
206 1502 263 1589 Est
278 1507 438 1588 Mutus,
455 1504 496 1592 esi
512 1507 625 1586 Eleus,
667 1525 720 1572 uae
726 1503 802 1588 finit
811 1507 1042 1594 Hellespontum.
1064 1517 1121 1584 hic

48 1591 144 1658 enim
162 1587 300 1656 Motidos
316 1594 347 1658 iu
365 1589 508 1677 Madytos
520 1591 632 1659 murari
647 1525 816 1659 genuisset.
838 1593 882 1660 Et
900 1595 955 1662 iib.
977 1614 1025 1666 11.
1046 1616 1118 1698 cap.

51 1695 86 1758 7.
114 1673 155 1740 H
187 1679 219 1740 io
237 1677 268 1742 in
287 1669 410 1760 Asteria
426 1695 488 1748 uon
507 1675 618 1740 minori
635 1691 708 1740 cum
726 1675 849 1742 ratione
864 1677 977 1744 mutari
999 1697 1123 1766 potuu-

53 1757 119 1824 set.
155 1759 195 1825 ed
210 1759 290 1826 inter
305 1759 399 1826 notce
412 1759 493 1826 duos
508 1777 630 1826 errores
652 1756 697 1825 est
714 1756 776 1824 hoc
798 1757 1009 1842 discriminis,
1029 1765 1119 1850 quod

50 1839 321 1910 diotidornuilius
337 1845 401 1910 loci
415 1838 611 1912 nomenense
630 1841 843 1910 existimetur:
866 1841 1038 1930 (quamtis
1057 1848 1117 1918 lib.

53 1945 84 1994 ι.
109 1945 181 2010 cap.
204 1945 255 2012 13.
276 1925 408 1992 Notidor
432 1925 652 1994 terminatione
673 1926 782 1991 endem
794 1973 806 2008 ,
828 1928 978 2010 quaedam
993 1929 1119 2000 colonia

52 2011 260 2096 appellatur)
280 2027 314 2078 at
325 2009 429 2094 Hyria
440 2010 526 2076 rcdie
540 2009 668 2096 quidem
684 2007 855 2088 scribatur,
869 2007 921 2080 sed
939 2030 1000 2081 uon
1014 2013 1119 2084 dein·

53 2093 122 2160 suia
138 2095 179 2160 de
245 2095 323 2162 aibi
339 2095 407 2180 agit
419 2092 528 2182 Mela,
552 2109 660 2157 verum
674 2093 714 2156 de
730 2092 798 2159 aliis
824 2095 915 2163 locis.
937 2095 1036 2188 Quod
1058 2117 1115 2166 ιιι-

54 2193 122 2244 tem
137 2177 178 2244 de
201 2112 358 2256 iderant,
388 2177 472 2244 idem
489 2176 521 2243 dr
541 2177 581 2242 de
606 2175 764 2258 Coptuiitm
784 2176 953 2246 dicendum
974 2177 1115 2249 fortasse

49 2257 154 2328 fucrit
167 2259 222 2330 lib.
249 2280 299 2330 ιι.
322 2279 394 2414 ωε.
416 2279 446 2328 2.
466 2277 568 2346 neque
582 2259 665 2326 enim
679 2258 795 2328 dubito
811 2261 890 2346 quin
907 2259 1019 2347 κάπρον
1028 2267 1118 2346 tenio

54 2341 176 2411 dMela
193 2344 343 2442 scriptum
384 2363 419 2426 t,
440 2343 736 2442 &ssoprttllon'nou
754 2343 877 2410 aliunde
892 2363 987 2431 quam
1003 2367 1043 2417 ex
1063 2369 1115 2416 cr·

56 2446 129 2494 rore
147 2447 287 2498 manant.
331 2427 441 2514 Atque
459 2429 510 2494 inc
523 2445 586 2496 oon
600 2441 747 2495 omittam
762 2429 917 2510 quendam
934 2431 1041 2500 locum
1055 2433 1121 2505 lib.¹

55 2530 105 2578 ιι.
128 2529 198 2596 cap.
217 2533 249 2598 3.
271 2509 427 2596 Couojireo
435 2509 632 2596 promontorio
652 2511 754 2576 Scione
765 2514 903 2593 proxim
918 2509 970 2596 est.
1010 2515 1117 2588 Meri.

55 2609 90 2692 to
112 2597 195 2664 enim
211 2597 324 2750 aiiuuir
346 2597 399 2664 bic
418 2614 531 2664 nomen
551 2595 652 2692 „irione
669 2591 843 2678 suspcdium
862 2597 990 2678 babeat,
1012 2618 1116 2684 quum

52 2697 360 2832 'iiiffiiiiiii‘t
377 2677 677 2835 ididiae
691 2675 887 2828 „ii'tziti
910 2684 1112 2832 fitutia

50 2781 318 2917 {ittig-frunto
335 2849 367 2916 in
381 2859 449 2913 vet.
470 2844 558 2912 iibris
569 2805 839 2938 invenirinomina
852 2845 1110 2932 aliterquamhic

48 2927 164 3018 scripta
173 2975 184 3011 ‚
206 2951 287 3020 quae
303 2951 367 3000 non
382 2945 501 2998 temere
521 2925 630 2996 &fine
643 2942 786 2992 examine
804 2945 863 3013 pro
877 2927 986 2997 nostris
999 2930 1113 3002 substi-

52 3015 99 3079 tui
116 3015 256 3084 debcant.
278 3015 330 3084 Ex
351 3033 461 3082 eorum
484 3029 615 3080 numero
628 3007 674 3076 est
693 3009 751 3107 lib.
778 3025 827 3080 ιι.
849 3031 916 3096 cap.
935 3033 969 3110 3.
990 3011 1110 3096 Kooie

50 3115 165 3182 portur
180 3118 238 3184 uro
255 3099 363 3182 crpus:
385 3097 416 3166 ἀ
434 3093 630 3184 paulopost,
654 3091 753 3158 lcorrs
768 3111 829 3194 pro
851 3093 966 3192 Derras.
991 3097 1036 3169 Et
1049 3101 1114 3172 lib.¹

51 3197 111 3332 ri
124 3175 1012 3348 itu‚iitiiiirr‘tdi‘i'b{retenuit}
1027 3185 1110 3334 ir:

51 3349 196 3433 dempto
213 3347 311 3416 Thero
326 3349 372 3418 est
392 3350 426 3416 in
444 3367 509 3418 uno
526 3346 627 3414 veteri
650 3341 823 3429 Tiryotito,
853 3367 949 3431 quum
973 3346 1108 3420 fortasse

52 3432 146 3500 lediio
172 3434 249 3512 illa.
277 3453 340 3504 non
359 3431 454 3510 baec,
481 3433 615 3500 aliorum
640 3425 902 3516 Geograpborum
922 3431 1107 3502 testimoniis

51 3517 229 3586 confirmari
246 3519 351 3604 posfit.
395 3513 588 3586 consulendi
602 3529 706 3579 autem
723 3513 754 3580 bi
766 3512 930 3582 fuerint&
945 3517 999 3584 ubi
1014 3517 1103 3601 quod

51 3599 89 3663 de
108 3617 168 3666 uno
184 3603 260 3700 loco
277 3603 309 3668 in
323 3601 562 3701 typographicis
581 3596 914 3694 editionibus-dicitur,
936 3599 970 3668 in
982 3617 1046 3666 ver.
1063 3601 1105 3667 dc

50 3683 149 3750 altero
169 3685 288 3754 dicium
307 3687 480 3756 iuvenitur.
529 3681 677 3764 Exempli
703 3695 821 3766 gratia,
857 3699 953 3768 quum
977 3683 1100 3765 legatur

48 3767 102 3834 lib.
127 3785 175 3834 11.
204 3785 274 3854 cap.
299 3787 332 3840 a.
354 3767 471 3838 Deinde
489 3767 720 3850 promontorium
743 3765 899 3838 Serrium,
925 3783 962 3830 ex
987 3771 1106 3851 quoru.¹

50 3861 162 3928 nentem
189 3850 313 3940 Orpheo
328 3855 434 3942 secuta
456 3859 624 3916 narrantur
648 3865 783 3918 nemon:
818 3847 857 3928 ἃ
879 3845 978 3922 Zone:
1002 3849 1045 3920 stc
1067 3851 1102 3922 iu

597 3929 750 4014 ,Ἴννα
1022 3949 1150 4022 qum·
