2714 4534
243 123 314 180 ιτ
369 102 1168 212 PRAEFA110Nu8.1047

94 266 256 354 spedant.
284 285 348 335 non
363 265 441 334 adeo
461 266 590 354 quidem
616 265 722 348 mira,.
746 265 894 334 nonnulla
915 271 1010 338 etiam
1032 275 1089 342 vix
1104 279 1166 352 uisa

91 351 304 418 admiratione
327 349 438 435 digna,
460 369 540 435 quae
564 367 671 420 tamen
689 350 763 418 ideo
784 350 881 420 fidem
906 371 970 421 non
995 357 1167 442 impetrant

96 433 187 520 quod
201 431 295 500 bodie
311 435 395 518 apud
413 434 481 500 ilias
498 433 578 520 ipsas
599 449 711 520 gentes
727 452 788 503 non
813 439 1062 520 comperiantur.
1107 447 1166 514 At·

96 519 176 604 qui,
200 533 238 584 ut
249 519 395 582 omittam
409 535 471 585 non
484 517 552 584 esse
563 515 731 586 ferendum
750 517 790 584 de
806 517 865 598 iis,
886 539 966 602 quae
979 521 1164 613 Geographi

94 603 281 686 caeterique
294 599 444 669 Histotici
456 603 581 668 tradunt
595 603 748 686 judicium
762 601 945 670 &moribus
964 607 1023 686 iis,
1044 614 1162 696 quibus

92 683 200 752 nostra
219 702 322 750 aetate
378 685 495 752 aeditaa
508 683 575 752 esse
592 687 659 754 illas
674 685 960 770 pertendemus,
981 699 1066 780 quod
1081 698 1159 766 mul.

93 782 149 834 tae
163 767 228 835 illis
251 785 327 834 occa
352 787 431 836 ones
455 769 695 854 degenerandid
715 767 779 837 suis
799 771 971 854 majoribus
994 779 1159 860 praebitae

87 849 225 918 fuerunt
243 849 514 940 (praesertimque
548 853 611 920 uod
627 855 667 920 ad
681 869 733 920 eas
747 853 859 918 attinet
874 874 955 940 quae
966 857 1007 923 ab
1024 859 1170 931 Ethnica'

95 937 265 1032 'majorum'
279 931 404 1002 suorum
431 935 464 1004 su
506 872 648 1005 rditione
667 937 706 1002 ad
728 935 1019 1022 Christianismum,
1041 963 1095 1011 aut
1122 951 1161 1015 ab

93 1017 227 1085 allorum
244 1020 391 1087 libertate
403 1021 441 1088 ad
468 1021 661 1099 ervitutem,
691 1039 745 1087 aut
761 1021 855 1086 etiarn
868 1023 907 1088 ab
922 1039 1058 1108 utroque
1072 1029 1161 1098 fimul

95 1101 139 1166 ad
163 1119 331 1186 utrumque
354 1100 569 1186 tranfierunt)
594 1103 850 1172 considerandum
878 1122 966 1172 certe
986 1108 1050 1187 est,
1070 1115 1161 1196 quid·

91 1185 180 1271 piam
201 1187 236 1253 in
254 1187 357 1269 aliqua
374 1189 476 1274 gentis
499 1187 632 1272 alleujue
659 1203 750 1272 parte
782 1188 984 1254 animaduerti
1019 1197 1163 1274 potuisse

93 1268 185 1354 quod
207 1289 280 1336 cum
305 1287 374 1338 tota
393 1270 506 1340 deinde
528 1289 623 1358 gente
642 1273 909 1340 communicatum
936 1271 1044 1342 fucrit.
1093 1281 1161 1346 Ho.

92 1371 233 1440 rumque
251 1353 391 1422 fortassis
421 1355 596 1424 enumero
626 1353 671 1422 est
700 1355 786 1436 quod
815 1355 855 1420 de
883 1353 1049 1426 Germanis
1073 1359 1162 1432 Mela

94 1437 249 1522 scripturn
274 1438 360 1506 libro
388 1441 486 1507 tertio
509 1439 655 1524 reliquit:
686 1438 771 1504 ertia
787 1457 854 1502 cum
869 1436 1016 1521 finitimis
1052 1461 1160 1516 erant:

93 1521 314 1604 caesareorum
334 1523 512 1588 exiiiidine
540 1523 701 1606 accersunt.
744 1521 806 1591 Sed
831 1463 1098 1608 quacunquedoc
1121 1533 1162 1597 de

45 1629 68 1672 e
95 1601 190 1670 causa
206 1605 326 1673 didum
344 1603 364 1672 d
383 1605 474 1676 Mela
494 1606 614 1686 fuerit,
634 1623 690 1674 eos
704 1605 809 1671 causae
830 1605 984 1674 beliorum
1003 1627 1040 1676 ex
1060 1613 1164 1680 libidi-

97 1707 140 1756 ne
154 1687 331 1770 accersere,
354 1689 433 1756 abiit
455 1699 541 1757 'certe
559 1691 591 1758 ia
605 1687 765 1754 Gallicum
784 1691 989 1773 proverbium
1000 1740 1011 1774 ,
1036 1713 1089 1760 aut
1108 1695 1166 1764 sai.

97 1789 167 1840 tem
190 1777 350 1842 materiam
370 1769 498 1842 Gallico
519 1773 762 1858 proverbio,&
789 1773 916 1856 quidem
941 1775 1087 1856 vetusto,
1108 1781 1185 1846 de.··

97 1857 164 1923 dit:
187 1875 252 1941 quo
266 1855 403 1938 dicitur,
427 1857 494 1923 Une
513 1857 637 1943 putrent
651 1854 881 1942 d'Aiiemugne,
904 1855 944 1922 de
962 1859 1099 1941 quaesita
1122 1883 1163 1931 ex

95 1959 133 2006 re
158 1941 221 2006 levi
246 1940 361 2009 dissidii
394 1941 564 2010 occasione.
619 1939 736 2020 Neque
768 1955 871 2007 tamen
901 1940 963 2007 tale
992 1945 1162 2028 quicquam

96 2023 117 2104 s
130 2023 217 2110 quod
235 2021 359 2106 sciam)
388 2025 484 2092 hodie
511 2027 543 2094 in
570 2021 801 2090 Germanorum
825 2037 935 2089 natura
962 2023 1162 2113 perspicitur.

97 2107 219 2174 Verum
243 2107 283 2174 de
300 2109 345 2174 iris
359 2107 485 2176 dicendi
507 2109 604 2176 finem
619 2105 753 2188 faciam,
777 2106 807 2172 dt
825 2107 864 2172 ed
884 2107 974 2190 hujus
991 2111 1160 2198 scriptoris

96 2193 214 2278 styium
229 2195 371 2260 veniam:
392 2191 414 2260 ii
435 2193 497 2260 hoc
513 2193 682 2272 addidero,
707 2191 876 2256 videndum
896 2187 963 2256 esse
979 2211 1018 2258 ne
1034 2195 1160 2264 diversa

96 2269 225 2344 nornine
242 2279 298 2344 uni
320 2275 486 2358 eidemque
501 2277 613 2364 genti,
637 2277 680 2341 ub
696 2271 839 2339 diversor
856 2275 1015 2360 populos,
1043 2281 1163 2364 impost-

98 2379 156 2440 ta,
177 2361 208 2426 in
222 2378 359 2426 errorem
374 2377 406 2424 te
417 2361 577 2426 inducant.
621 2359 694 2456 Qua
712 2358 805 2422 etiam
818 2357 857 2420 de
871 2375 906 2422 re
927 2359 1040 2427 alicubi
1055 2367 1163 2428 adino-

97 2463 165 2510 net.
187 2459 221 2508 ut
244 2445 414 2528 quumiib.
439 2463 466 2510 r.
489 2463 557 2530 cap.
582 2465 629 2522 ¹9·
653 2443 692 2508 de
705 2443 898 2507 sauromatis
915 2439 1065 2524 loquens,
1089 2445 1162 2512 scri·

97 2529 165 2595 bit:
192 2523 263 2592 Uno
278 2547 373 2614 gent,
396 2529 512 2612 aliquoi
525 2529 645 2612 popuii,
677 2524 828 2612 &aliquot
848 2527 977 2590 nomina.
1022 2529 1162 2598 Eodem.

97 2629 163 2694 que
178 2609 347 2700 Dionysus
372 2615 471 2678 modo
485 2613 525 2676 de
546 2611 696 2676 Oceano:

177 2775 289 2846 Τόπος
301 2775 369 2850 ἐὼν,
390 2777 442 2840 eui
457 2777 549 2840 τόσσα
561 2777 631 2856 μετ’
642 2773 779 2860 ἀνδράσιν
794 2772 928 2856 σῦνέμαο’
941 2773 1043 2844 ἕλκων.

98 2947 298 3044 Quinetiam
315 2945 544 3016 Danubium&
565 2943 673 3016 Istrum
689 2965 785 3032 quum
804 2943 945 3012 diversos
960 2944 1026 3012 etse
1044 2945 1158 3014 fluvtot

97 3035 228 3098 credere
253 3032 326 3120 quis
349 3021 465 3116 posui,
487 3049 580 3096 unum
594 3031 795 3115 eundemque
811 3029 903 3110 esse,
927 3049 965 3095 ex
986 3028 1052 3114 ipso
1070 3029 1158 3096 Mela
1245 3065 1249 3074 ·

98 3111 259 3184 discimua.
301 3113 348 3180 At
374 3113 424 3176 ide
437 3113 554 3198 fluuius
576 3110 739 3198 (inquit)
767 3117 820 3198 qui
843 3113 982 3196 Scytiriue
1001 3113 1156 3198 populosa

87 3197 1156 3364 iiiiiiisidor-ds‘suiiuuui‘u'd‘iiiiii?

96 3369 175 3430 rium
193 3368 247 3431 aiu
272 3365 432 3448 Denubiats
456 3363 521 3450 est,
552 3367 654 3428 deiude
683 3366 774 3432 aliter
806 3299 1020 3448 appelionffibus
1050 3327 1155 3426 nodulis

97 3445 175 3533 Ister
189 3447 242 3534 fii.
285 3448 348 3517 Sed
367 3453 429 3535 jam
442 3471 482 3519 eo
498 3447 565 3536 quo
582 3450 649 3514 dixi
670 3447 840 3516 sermonem
855 3465 1049 3516 convertam.

141 3533 193 3600 Ad
212 3533 327 3622 stylum
344 3535 442 3620 igitur
467 3537 556 3617 hujus
574 3531 753 3620 Geogtaphi
776 3533 931 3612 veniens,
953 3531 1017 3600 five
1033 3529 1071 3597 ad
1086 3531 1152 3612 ejus

100 3617 293 3694 diuionem,
315 3635 369 3684 aut
392 3615 584 3698 sermonem,
608 3617 797 3684 brevitatem
823 3615 912 3684 simul
932 3616 962 3681 dc
983 3615 1156 3700 proprieta-

95 3717 161 3769 tcto
188 3703 220 3768 in
245 3703 356 3786 primis
381 3719 452 3768 eunt
483 3703 701 3767 commendare
730 3701 812 3767 dico.
857 3699 940 3768 Cum
966 3699 1025 3766 alia
1046 3699 1175 3764 autem'

93 3785 263 3858 brevitatis
289 3785 384 3854 habet
410 3785 598 3883 adminicula
626 3783 800 3936 (utVdocui
822 3787 854 3852 in
876 3801 948 3852 meo
962 3783 995 3848 de
1007 3780 1153 3932 stringis!

722 3887 833 3949 vv4
1111 3883 1156 3930 re*
