2734 4554
235 211 318 312 ara
355 201 477 314 ‚rte
512 197 830 282 tentanum
860 191 1213 310 annotare
1252 216 1267 244 ·-

285 371 308 440 ι.
327 389 379 468 39.
400 361 565 448 Atlantes]
591 363 662 434 Hos
681 363 831 433 Nicolaus
850 361 1061 436 Damascenut
1084 367 1125 432 de
1143 366 1305 439 Moritur

243 451 400 522 Gentium
416 450 499 534 apud
520 441 689 516 Stobaeum
705 463 800 515 vocat
815 445 1019 532 Aplraraater.
1060 445 1158 518 Certe
1178 452 1220 520 iis
1242 457 1302 520 ut.

243 537 313 606 buit
323 579 336 615 ,
346 543 437 618 'quae
451 529 538 598 Mela
558 527 746 596 Atlantides.

288 621 311 688 l.
330 623 383 697 46.
404 613 495 698 Aput
513 615 714 680 Garamantas
723 614 813 678 etiam
832 609 993 700 tenuata]
1020 609 1164 685 Mirifice
1182 619 1300 685 omnia

237 699 504 778 conturbaverat,
527 697 558 764 de
575 697 699 762 aliunde
710 696 769 763 alia
789 712 909 778 praeter
934 698 1071 764 omniurn
1087 699 1240 767 codicum
1259 701 1298 768 fi·

238 785 316 852 dem
328 781 485 850 addiderat
500 779 661 848 Pintianus
670 821 683 858 ,
705 787 825 846 tanturn
839 795 875 845 ut
892 773 1032 859 Melam,
1050 776 1199 866 suffragio
1215 786 1296 849 iicet

243 865 337 939 Plinii
364 864 539 944 firmatum,
561 863 593 930 in
615 859 814 929 concordiam
836 862 991 945 redigeret
1009 883 1080 930 cunr
1098 859 1298 942 Herodoto,

240 967 341 1048 quern
358 945 496 1046 sequitur
506 945 632 1032 quidem
646 941 736 1042 Mela
749 941 857 1042 saepen,
876 942 929 1009 sed
942 945 1107 1030 aliquando
1120 947 1298 1016 ctiamfive

240 1049 303 1122 per
329 1047 501 1106 incurram,
522 1043 576 1094 ant
600 1039 767 1094 memoriae
779 1043 927 1108 vitrum,
950 1025 1015 1093 live
1034 1027 1180 1096 consulto
1199 1033 1297 1097 retin-

239 1115 325 1264 ‘ffuit
369 1113 452 1182 Vide
477 1111 530 1178 hic
560 1107 762 1178 Ciacconium
791 1107 998 1178 &vastum
1028 1109 1179 1180 Ceterum
1205 1115 1297 1199 quod

106 1227 108 1234 ’
239 1198 339 1268 idem
355 1199 386 1266 le
410 1210 465 1262 unt
484 1196 561 1278 apud
579 1191 779 1260 Garamantes
789 1193 855 1279 jara
877 1203 1010 1258 armenta
1020 1194 1114 1278 strat,
1144 1199 1297 1264 concinni

241 1281 375 1382 satirest
387 1217 506 1378 lenius.
547 1276 608 1346 Sed
621 1293 742 1360 tamen,
762 1285 857 1372 quum
869 1275 903 1372 'in
917 1277 1062 1374 omnibus
1075 1267 1203 1374 scriptis
1220 1279 1296 1363 (ι)

238 1366 279 1434 dc
303 1363 380 1434 olrrn
402 1363 494 1430 edrtrs
519 1359 620 1428 Codd.
645 1378 812 1446 repererim
833 1365 944 1437 atram,
972 1359 1069 1426 nolim
1095 1361 1126 1425 rd
1148 1377 1294 1442 mutare,

243 1465 343 1536 quum
366 1441 537 1516 &sensum
558 1443 699 1528 praebeat
719 1443 929 1510 commodum.
970 1425 1050 1508 Vult
1077 1445 1164 1510 enim
1184 1443 1295 1510 dicere

234 1533 336 1603 Mela
354 1547 371 1596 a
394 1530 435 1595 ud
455 1525 675 1606 Garamantas,
698 1525 773 1591 licet
795 1543 858 1590 non
877 1525 978 1591 multo
1000 1525 1217 1608 opulentiores
1235 1528 1294 1594 finr
1344 1569 1345 1572 =

240 1550 673 1704 vicinislutsTrugtodytiso,
695 1609 793 1692 utqui
808 1607 947 1674 habitant
959 1607 1067 1674 itidem
1077 1607 1108 1675 in
1120 1623 1206 1675 tetra
1216 1609 1293 1676 ferie

233 1696 436 1797 frequenti,
464 1709 559 1775 atque
582 1693 723 1757 homines
747 1691 841 1766 aliae,
859 1706 1041 1775 eorumque
1066 1695 1295 1760 commercium

233 1781 405 1870 tugiunt,
437 1791 474 1844 ut
501 1773 596 1841 tradit
620 1771 803 1840 Herodotus
823 1789 866 1838 ιν.
899 1791 970 1852 174·
988 1773 1069 1856 apud
1092 1773 1165 1841 illos
1186 1793 1292 1842 tamen

238 1869 339 1936 etiam
359 1875 495 1930 armenta
512 1855 603 1939 sunt,
625 1873 703 1939 quae
718 1857 798 1940 apud
813 1851 1031 1942 Troglodvtat
1044 1873 1108 1924 non
1124 1874 1229 1924 erant.
1260 1861 1294 1927 si

232 1950 299 2016 'cui
313 1963 413 2016 tamen
426 1942 524 2029 magis
540 1939 673 2010 arrideat
691 1937 850 2006 ciacconii
859 1927 1056 2022 comediam,
1076 1958 1141 2008 non
1155 1941 1294 2010 multum

238 2031 319 2101 sane
335 2027 521 2112 refragabor.
717 2109 719 2116 Ι

287 2117 314 2184 t.
336 2130 390 2197 50.
413 2107 496 2204 Quas
507 2099 838 2193 prasttlralant]Hoc
856 2104 963 2172 iridem
979 2103 1296 2184 aPintianoortum‚

237 2197 323 2266 lioet
346 2193 441 2260 Mss.
460 2209 567 2256 ornnes
580 2191 611 2256 dt
626 2189 705 2256 Edd·
727 2183 849 2272 priscae
863 2185 993 2256 habeant
1007 2187 1116 2255 calane.
1161 2191 1296 2257 Ciaccu·

234 2279 315 2350 nius
326 2293 404 2340 vero
418 2271 526 2341 maluit
541 2271 762 2366 rotmannum
797 2285 877 2337 atres
886 2270 1042 2349 infantes,
1061 2285 1146 2356 quos
1157 2291 1221 2357 pro
1237 2273 1295 2338 suia

235 2289 980 2520 teretiatatrrtrteiitieene
1001 2353 1160 2504 daete:
1177 2356 1293 2506 ete

237 2519 433 2610 Hieronymi
447 2521 540 2598 loco,
562 2517 696 2604 quem&
709 2513 807 2602 ipsum
821 2535 859 2582 ex
873 2480 1047 2586 ciacconio
1059 2519 1190 2600 habuit,
1206 2540 1293 2606 prae·

239 2613 323 2681 ‘tulit
347 2605 539 2673 molientem
561 2599 753 2669 Mssrorurn
777 2599 951 2668 lectionem.
997 2602 1115 2669 Verum
1138 2601 1218 2670 usus
1239 2605 1292 2670 ille

234 2695 339 2764 'verbi
353 2689 442 2756 catere
454 2705 515 2755 non
533 2703 573 2751 ex
585 2681 654 2751 soto
678 2681 877 2766 Hieronymo
890 2699 956 2750 erat
972 2683 1171 2770 probandus,
1193 2706 1291 2772 quum

241 2796 286 2848 ex
301 2779 353 2846 lon
405 2769 584 2838 melioribus
598 2765 728 2832 Latinae
745 2765 870 2850 linguae
884 2768 1061 2834 auctoribus
1079 2770 1207 2851 probati
1222 2790 1293 2850 oos-

244 2864 306 2932 set.
372 2859 403 2923 ic
416 2851 574 2924 Sallustius
589 2849 736 2934 Jugurth.
755 2866 824 2933 cup.
841 2865 961 2916 cxxxv.
991 2843 1057 2915 Νισ
1074 2850 1189 2915 militer
1212 2851 1291 2917 arde

241 2935 589 3026 attaminandum.
612 2931 725 3000 Livius
746 2951 794 2998 ιι.
816 2950 867 2999 22.
884 2932 924 2997 de
947 2928 1045 3000 servis
1062 2932 1150 3000 bello
1172 2939 1290 3020 capris:

244 3031 384 3114 Perguat
399 3024 494 3088 datam
507 3035 627 3114 errarat
643 3017 722 3100 apud
739 3016 1151 3112 quemnqaisqaeseraierant,
1195 3023 1289 3082 ratiar
1343 3023 1344 3090 Ϊ

239 3115 345 3202 'agant
369 3104 530 3172 liberaliter
559 3099 654 3165 habeti
673 3097 801 3184 cultaque
822 3117 855 3162 tn
875 3097 1078 3182 calamitates
1110 3148 1120 3166 .
1165 3037 1288 3166 gellius
1343 3099 1344 3126 ¹

226 3214 313 3263 arr.
336 3211 364 3259 r.
387 3189 479 3256 illum
499 3182 587 3270 irr‘se
610 3181 724 3280 creada
746 3199 805 3276 aaa
820 3197 909 3328 qelm
925 3179 976 3263 effe
990 3192 1125 3264 paream
1169 3184 1291 3250 Sallust.

177 3339 182 3350 ,
246 3273 391 3366 Iugurtln
413 3289 480 3371 cap.
497 3291 529 3336 v.
556 3268 595 3332 de
613 3265 733 3363 liberis:
755 3261 888 3360 Mrcrpa
907 3261 1095 3359 Jagartlram
1113 3267 1207 3329 eadem
1229 3267 1289 3336 rul-

244 3347 701 3532 aeetatttlez
723 3343 1153 3511 laetititiae·
1173 3349 1289 3496 teir

247 3523 416 3597 Suetonius
438 3519 518 3603 Aug.
540 3531 608 3599 cap.
634 3529 710 3578 nxv.
741 3512 833 3578 Pater
859 3512 1002 3598 relegatae
1017 3510 1101 3594 asam
1127 3514 1210 3592 νίηἱ,
1234 3533 1290 3577 arn·

247 3626 368 3694 namara
393 3601 588 3669 &lautiorem
607 3595 719 3659 catam
739 3595 858 3662 ademit.
900 3594 1012 3661 Livius
1035 3613 1064 3661 1.
1084 3613 1136 3681 39.
1158 3597 1199 3662 de
1221 3597 1289 3662 Ser·

250 3697 324 3777 vio,
345 3679 594 3776 captivantia,
614 3695 698 3763 amnt
724 3686 786 3743 tara
803 3674 909 3746 lramttt'
921 3675 1005 3744 calta
1018 3677 1184 3748 adarna.
1226 3677 1290 3776 .T²’

1203 3777 1289 3829 crtus

243 3978 253 4038 t
277 3969 333 4038 (ι)
349 3963 479 4025 conanda
496 3975 553 4018 earn
565 3959 596 4016 tu
614 3957 694 4014 oran·
710 3955 753 4023 qai
764 3954 792 4013 te
805 3956 880 4027 ,aab
891 3954 947 4024 anit
960 3954 1034 4012 tabet
1049 3956 1145 4020 atne
