<?xml version="1.0" encoding="UTF-8"?>
<!DOCTYPE html PUBLIC "-//W3C//DTD XHTML 1.0 Transitional//EN"
    "http://www.w3.org/TR/xhtml1/DTD/xhtml1-transitional.dtd">
<html xmlns="http://www.w3.org/1999/xhtml" xml:lang="en" lang="en">
 <head>
  <title>
</title>
<meta http-equiv="Content-Type" content="text/html;charset=utf-8" />
  <meta name='ocr-system' content='tesseract 3.04.00' />
  <meta name='ocr-capabilities' content='ocr_page ocr_carea ocr_par ocr_line ocrx_word'/>
</head>
<body>
  <div class='ocr_page' id='page_1' title='image "./pomponiimelaede00soligoog_0726.png"; bbox 0 0 2766 4554; ppageno 0'>
   <div class='ocr_carea' id='block_1_1' title="bbox 124 1547 770 1637">
    <p class='ocr_par' dir='ltr' id='par_1_1' title="bbox 124 1547 770 1637">
     <span class='ocr_line' id='line_1_1' title="bbox 124 1547 770 1637; baseline -0.009 -12"><span class='ocrx_word' id='word_1_1' title='bbox 124 1601 131 1614; x_wconf 52' lang='grc' dir='ltr'><strong><em>ι</em></strong></span> <span class='ocrx_word' id='word_1_2' title='bbox 240 1561 294 1626; x_wconf 87' lang='lat' dir='ltr'>vix</span> <span class='ocrx_word' id='word_1_3' title='bbox 308 1561 345 1624; x_wconf 84' lang='lat' dir='ltr'>ad</span> <span class='ocrx_word' id='word_1_4' title='bbox 361 1559 562 1624; x_wconf 78' lang='lat' dir='ltr'>mediocriter</span> <span class='ocrx_word' id='word_1_5' title='bbox 577 1547 696 1620; x_wconf 81' lang='lat' dir='ltr'>r‘etnota</span> <span class='ocrx_word' id='word_1_6' title='bbox 711 1575 770 1637; x_wconf 92' lang='lat' dir='ltr'>pro</span> 
     </span>
    </p>
   </div>
   <div class='ocr_carea' id='block_1_2' title="bbox 235 217 1171 322">
    <p class='ocr_par' dir='ltr' id='par_1_2' title="bbox 235 217 1171 322">
     <span class='ocr_line' id='line_1_2' title="bbox 235 217 1171 322; baseline 0 -20"><span class='ocrx_word' id='word_1_7' title='bbox 235 231 305 322; x_wconf 76' lang='lat' dir='ltr'>rm</span> <span class='ocrx_word' id='word_1_8' title='bbox 356 225 417 300; x_wconf 82' lang='lat' dir='ltr'>rs.</span> <span class='ocrx_word' id='word_1_9' title='bbox 451 219 644 299; x_wconf 89' lang='lat' dir='ltr'>vossrr</span> <span class='ocrx_word' id='word_1_10' title='bbox 677 217 1171 302; x_wconf 81' lang='lat' dir='ltr'>onsnnvnrrortts</span> 
     </span>
    </p>
   </div>
   <div class='ocr_carea' id='block_1_3' title="bbox 144 379 1373 3125">
    <p class='ocr_par' dir='ltr' id='par_1_3' title="bbox 237 379 1294 1637">
     <span class='ocr_line' id='line_1_3' title="bbox 242 379 1293 476; baseline -0.001 -18"><span class='ocrx_word' id='word_1_11' title='bbox 242 383 434 472; x_wconf 75' lang='lat' dir='ltr'>Erurrflirenr</span> <span class='ocrx_word' id='word_1_12' title='bbox 451 379 524 462; x_wconf 86' lang='lat' dir='ltr'>suo,</span> <span class='ocrx_word' id='word_1_13' title='bbox 547 383 620 452; x_wconf 86' lang='lat' dir='ltr'>cirm</span> <span class='ocrx_word' id='word_1_14' title='bbox 636 383 705 466; x_wconf 77' lang='lat' dir='ltr'>ejus</span> <span class='ocrx_word' id='word_1_15' title='bbox 718 399 838 450; x_wconf 89' lang='lat' dir='ltr'>tantum</span> <span class='ocrx_word' id='word_1_16' title='bbox 855 381 944 464; x_wconf 80' lang='lat' dir='ltr'>spatii</span> <span class='ocrx_word' id='word_1_17' title='bbox 961 381 1135 452; x_wconf 77' lang='lat' dir='ltr'>mensuram</span> <span class='ocrx_word' id='word_1_18' title='bbox 1148 387 1293 476; x_wconf 73' lang='lat' dir='ltr'>colligit,</span> 
     </span>
     <span class='ocr_line' id='line_1_4' title="bbox 240 465 1291 556; baseline 0.006 -20"><span class='ocrx_word' id='word_1_19' title='bbox 240 473 325 554; x_wconf 77' lang='lat' dir='ltr'>quod</span> <span class='ocrx_word' id='word_1_20' title='bbox 337 471 354 536; x_wconf 84' lang='lat' dir='ltr'>ir</span> <span class='ocrx_word' id='word_1_21' title='bbox 367 467 513 556; x_wconf 86' lang='lat' dir='ltr'>proximo</span> <span class='ocrx_word' id='word_1_22' title='bbox 530 465 645 534; x_wconf 80' lang='lat' dir='ltr'>insulae</span> <span class='ocrx_word' id='word_1_23' title='bbox 658 467 881 546; x_wconf 69' lang='lat' dir='ltr'>promuntorio</span> <span class='ocrx_word' id='word_1_24' title='bbox 896 489 996 555; x_wconf 82' lang='lat' dir='ltr'>usque</span> <span class='ocrx_word' id='word_1_25' title='bbox 1012 470 1049 534; x_wconf 86' lang='lat' dir='ltr'>ad</span> <span class='ocrx_word' id='word_1_26' title='bbox 1060 489 1190 553; x_wconf 88' lang='lat' dir='ltr'>portum</span> <span class='ocrx_word' id='word_1_27' title='bbox 1207 473 1291 542; x_wconf 82' lang='lat' dir='ltr'>Mar·</span> 
     </span>
     <span class='ocr_line' id='line_1_5' title="bbox 239 549 1294 636; baseline 0.008 -18"><span class='ocrx_word' id='word_1_28' title='bbox 239 551 389 626; x_wconf 87' lang='lat' dir='ltr'>ssliensern</span> <span class='ocrx_word' id='word_1_29' title='bbox 411 551 601 620; x_wconf 77' lang='lat' dir='ltr'>extenditur.</span> <span class='ocrx_word' id='word_1_30' title='bbox 646 549 720 616; x_wconf 87' lang='lat' dir='ltr'>Non</span> <span class='ocrx_word' id='word_1_31' title='bbox 741 551 889 636; x_wconf 86' lang='lat' dir='ltr'>srquidern</span> <span class='ocrx_word' id='word_1_32' title='bbox 909 571 1004 618; x_wconf 88' lang='lat' dir='ltr'>unum</span> <span class='ocrx_word' id='word_1_33' title='bbox 1023 555 1150 636; x_wconf 84' lang='lat' dir='ltr'>aliquod</span> <span class='ocrx_word' id='word_1_34' title='bbox 1173 554 1294 627; x_wconf 81' lang='lat' dir='ltr'>insulae</span> 
     </span>
     <span class='ocr_line' id='line_1_6' title="bbox 240 633 1292 726; baseline -0.006 -22"><span class='ocrx_word' id='word_1_35' title='bbox 240 639 491 726; x_wconf 75' lang='lat' dir='ltr'>promuntorium</span> <span class='ocrx_word' id='word_1_36' title='bbox 501 633 581 716; x_wconf 72' lang='lat' dir='ltr'>,sed</span> <span class='ocrx_word' id='word_1_37' title='bbox 600 653 707 700; x_wconf 90' lang='lat' dir='ltr'>totum</span> <span class='ocrx_word' id='word_1_38' title='bbox 721 635 800 700; x_wconf 80' lang='lat' dir='ltr'>latus</span> <span class='ocrx_word' id='word_1_39' title='bbox 815 635 1014 706; x_wconf 79' lang='lat' dir='ltr'>occidentale</span> <span class='ocrx_word' id='word_1_40' title='bbox 1026 635 1239 721; x_wconf 84' lang='lat' dir='ltr'>conspicitur,</span> <span class='ocrx_word' id='word_1_41' title='bbox 1257 645 1292 712; x_wconf 77' lang='lat'>11.</span> 
     </span>
     <span class='ocr_line' id='line_1_7' title="bbox 239 717 1292 808; baseline 0.003 -20"><span class='ocrx_word' id='word_1_42' title='bbox 239 739 292 788; x_wconf 83' lang='lat' dir='ltr'>cer</span> <span class='ocrx_word' id='word_1_43' title='bbox 314 741 377 788; x_wconf 92' lang='lat' dir='ltr'>non</span> <span class='ocrx_word' id='word_1_44' title='bbox 389 721 522 787; x_wconf 87' lang='lat' dir='ltr'>multlrnr</span> <span class='ocrx_word' id='word_1_45' title='bbox 540 735 628 784; x_wconf 85' lang='lat' dir='ltr'>extra</span> <span class='ocrx_word' id='word_1_46' title='bbox 643 736 769 803; x_wconf 91' lang='lat' dir='ltr'>portum</span> <span class='ocrx_word' id='word_1_47' title='bbox 783 717 950 804; x_wconf 69' lang='lat' dir='ltr'>provectis.</span> <span class='ocrx_word' id='word_1_48' title='bbox 973 721 1176 788; x_wconf 88' lang='lat' dir='ltr'>Emontibus</span> <span class='ocrx_word' id='word_1_49' title='bbox 1194 729 1292 808; x_wconf 75' lang='lat' dir='ltr'>uod,</span> 
     </span>
     <span class='ocr_line' id='line_1_8' title="bbox 239 801 1291 894; baseline 0.007 -24"><span class='ocrx_word' id='word_1_50' title='bbox 239 805 353 888; x_wconf 79' lang='lat' dir='ltr'>quibus</span> <span class='ocrx_word' id='word_1_51' title='bbox 377 821 482 870; x_wconf 89' lang='lat' dir='ltr'>toturn</span> <span class='ocrx_word' id='word_1_52' title='bbox 516 801 595 870; x_wconf 87' lang='lat' dir='ltr'>istud</span> <span class='ocrx_word' id='word_1_53' title='bbox 620 803 694 870; x_wconf 87' lang='lat' dir='ltr'>litus</span> <span class='ocrx_word' id='word_1_54' title='bbox 723 801 935 887; x_wconf 83' lang='lat' dir='ltr'>praecingitur</span> <span class='ocrx_word' id='word_1_55' title='bbox 960 803 1143 871; x_wconf 86' lang='lat' dir='ltr'>Hetrurinm</span> <span class='ocrx_word' id='word_1_56' title='bbox 1174 827 1291 894; x_wconf 86' lang='lat' dir='ltr'>usque,</span> 
     </span>
     <span class='ocr_line' id='line_1_9' title="bbox 237 883 1288 974; baseline 0.007 -20"><span class='ocrx_word' id='word_1_57' title='bbox 237 891 358 971; x_wconf 83' lang='lat' dir='ltr'>ubique</span> <span class='ocrx_word' id='word_1_58' title='bbox 375 886 544 974; x_wconf 78' lang='lat' dir='ltr'>conspicua</span> <span class='ocrx_word' id='word_1_59' title='bbox 558 883 603 952; x_wconf 90' lang='lat' dir='ltr'>est</span> <span class='ocrx_word' id='word_1_60' title='bbox 619 905 682 953; x_wconf 89' lang='lat' dir='ltr'>non</span> <span class='ocrx_word' id='word_1_61' title='bbox 700 885 825 954; x_wconf 82' lang='lat' dir='ltr'>Corfict</span> <span class='ocrx_word' id='word_1_62' title='bbox 845 903 990 964; x_wconf 84' lang='lat' dir='ltr'>tanturn,</span> <span class='ocrx_word' id='word_1_63' title='bbox 1011 887 1064 954; x_wconf 87' lang='lat' dir='ltr'>sed</span> <span class='ocrx_word' id='word_1_64' title='bbox 1081 891 1177 955; x_wconf 86' lang='lat' dir='ltr'>etiarn</span> <span class='ocrx_word' id='word_1_65' title='bbox 1193 895 1288 960; x_wconf 87' lang='lat' dir='ltr'>Sardi·</span> 
     </span>
     <span class='ocr_line' id='line_1_10' title="bbox 237 969 1288 1059; baseline 0.004 -19"><span class='ocrx_word' id='word_1_66' title='bbox 237 973 309 1052; x_wconf 82' lang='lat' dir='ltr'>nia,</span> <span class='ocrx_word' id='word_1_67' title='bbox 330 971 385 1040; x_wconf 88' lang='lat' dir='ltr'>uili</span> <span class='ocrx_word' id='word_1_68' title='bbox 407 971 475 1038; x_wconf 82' lang='lat' dir='ltr'>illic</span> <span class='ocrx_word' id='word_1_69' title='bbox 499 969 619 1050; x_wconf 87' lang='lat' dir='ltr'>solum,</span> <span class='ocrx_word' id='word_1_70' title='bbox 643 970 696 1036; x_wconf 79' lang='lat' dir='ltr'>ubi</span> <span class='ocrx_word' id='word_1_71' title='bbox 712 971 741 1034; x_wconf 93' lang='lat' dir='ltr'>in</span> <span class='ocrx_word' id='word_1_72' title='bbox 762 969 877 1035; x_wconf 78' lang='lat' dir='ltr'>directa</span> <span class='ocrx_word' id='word_1_73' title='bbox 893 969 975 1036; x_wconf 86' lang='lat' dir='ltr'>linea</span> <span class='ocrx_word' id='word_1_74' title='bbox 995 973 1155 1039; x_wconf 84' lang='lat' dir='ltr'>Sardiniae</span> <span class='ocrx_word' id='word_1_75' title='bbox 1170 979 1288 1059; x_wconf 64' lang='lat' dir='ltr'>objecta</span> 
     </span>
     <span class='ocr_line' id='line_1_11' title="bbox 239 1051 1290 1144; baseline 0.005 -21"><span class='ocrx_word' id='word_1_76' title='bbox 239 1053 367 1123; x_wconf 88' lang='lat' dir='ltr'>Cutlica</span> <span class='ocrx_word' id='word_1_77' title='bbox 390 1053 490 1122; x_wconf 89' lang='lat' dir='ltr'>visutn</span> <span class='ocrx_word' id='word_1_78' title='bbox 516 1054 659 1138; x_wconf 84' lang='lat' dir='ltr'>impedit.</span> <span class='ocrx_word' id='word_1_79' title='bbox 702 1053 748 1120; x_wconf 90' lang='lat' dir='ltr'>Ut</span> <span class='ocrx_word' id='word_1_80' title='bbox 772 1051 849 1118; x_wconf 80' lang='lat' dir='ltr'>vero</span> <span class='ocrx_word' id='word_1_81' title='bbox 874 1073 939 1120; x_wconf 85' lang='lat' dir='ltr'>tarn</span> <span class='ocrx_word' id='word_1_82' title='bbox 958 1073 1077 1121; x_wconf 90' lang='lat' dir='ltr'>remota</span> <span class='ocrx_word' id='word_1_83' title='bbox 1103 1059 1290 1144; x_wconf 74' lang='lat' dir='ltr'>videamus,</span> 
     </span>
     <span class='ocr_line' id='line_1_12' title="bbox 239 1136 1291 1226; baseline 0.006 -20"><span class='ocrx_word' id='word_1_84' title='bbox 239 1141 305 1206; x_wconf 90' lang='lat' dir='ltr'>duo</span> <span class='ocrx_word' id='word_1_85' title='bbox 334 1137 500 1226; x_wconf 75' lang='lat' dir='ltr'>praecipue</span> <span class='ocrx_word' id='word_1_86' title='bbox 524 1137 679 1223; x_wconf 83' lang='lat' dir='ltr'>captanda</span> <span class='ocrx_word' id='word_1_87' title='bbox 703 1136 772 1203; x_wconf 85' lang='lat' dir='ltr'>sunt</span> <span class='ocrx_word' id='word_1_88' title='bbox 799 1153 960 1222; x_wconf 87' lang='lat' dir='ltr'>tempora,</span> <span class='ocrx_word' id='word_1_89' title='bbox 992 1141 1180 1210; x_wconf 70' lang='lat' dir='ltr'>maurinum</span> <span class='ocrx_word' id='word_1_90' title='bbox 1199 1165 1291 1222; x_wconf 30' lang='lat' dir='ltr'>,antr-</span> 
     </span>
     <span class='ocr_line' id='line_1_13' title="bbox 240 1217 1291 1310; baseline 0.004 -20"><span class='ocrx_word' id='word_1_91' title='bbox 240 1241 334 1310; x_wconf 84' lang='lat' dir='ltr'>quatn</span> <span class='ocrx_word' id='word_1_92' title='bbox 362 1223 408 1290; x_wconf 88' lang='lat' dir='ltr'>sol</span> <span class='ocrx_word' id='word_1_93' title='bbox 433 1223 569 1301; x_wconf 89' lang='lat' dir='ltr'>oriatur,</span> <span class='ocrx_word' id='word_1_94' title='bbox 595 1223 626 1287; x_wconf 89' lang='lat' dir='ltr'>dt</span> <span class='ocrx_word' id='word_1_95' title='bbox 651 1217 819 1287; x_wconf 86' lang='lat' dir='ltr'>serotinum</span> <span class='ocrx_word' id='word_1_96' title='bbox 848 1221 1007 1306; x_wconf 85' lang='lat' dir='ltr'>postquam</span> <span class='ocrx_word' id='word_1_97' title='bbox 1029 1225 1160 1291; x_wconf 88' lang='lat' dir='ltr'>occidit.</span> <span class='ocrx_word' id='word_1_98' title='bbox 1207 1229 1291 1296; x_wconf 91' lang='lat' dir='ltr'>Orto</span> 
     </span>
     <span class='ocr_line' id='line_1_14' title="bbox 242 1300 1292 1394; baseline 0 -21"><span class='ocrx_word' id='word_1_99' title='bbox 242 1310 326 1374; x_wconf 85' lang='lat' dir='ltr'>enim</span> <span class='ocrx_word' id='word_1_100' title='bbox 346 1305 413 1373; x_wconf 88' lang='lat' dir='ltr'>sole</span> <span class='ocrx_word' id='word_1_101' title='bbox 437 1315 491 1374; x_wconf 71' lang='lat' dir='ltr'>aer</span> <span class='ocrx_word' id='word_1_102' title='bbox 516 1303 572 1372; x_wconf 86' lang='lat' dir='ltr'>iste</span> <span class='ocrx_word' id='word_1_103' title='bbox 597 1300 738 1370; x_wconf 76' lang='lat' dir='ltr'>roscidus</span> <span class='ocrx_word' id='word_1_104' title='bbox 761 1304 847 1372; x_wconf 79' lang='lat' dir='ltr'>simul</span> <span class='ocrx_word' id='word_1_105' title='bbox 869 1322 905 1368; x_wconf 88' lang='lat' dir='ltr'>ac</span> <span class='ocrx_word' id='word_1_106' title='bbox 922 1307 1097 1388; x_wconf 82' lang='lat' dir='ltr'>pellucidus</span> <span class='ocrx_word' id='word_1_107' title='bbox 1114 1310 1292 1394; x_wconf 62' lang='lat' dir='ltr'>tepefactus</span> 
     </span>
     <span class='ocr_line' id='line_1_15' title="bbox 237 1387 1293 1482; baseline 0.005 -26"><span class='ocrx_word' id='word_1_108' title='bbox 237 1393 399 1476; x_wconf 83' lang='lat' dir='ltr'>paullatim</span> <span class='ocrx_word' id='word_1_109' title='bbox 423 1392 452 1457; x_wconf 93' lang='lat' dir='ltr'>in</span> <span class='ocrx_word' id='word_1_110' title='bbox 474 1390 596 1458; x_wconf 83' lang='lat' dir='ltr'>furnum</span> <span class='ocrx_word' id='word_1_111' title='bbox 620 1389 708 1468; x_wconf 88' lang='lat' dir='ltr'>abit,</span> <span class='ocrx_word' id='word_1_112' title='bbox 738 1387 817 1452; x_wconf 83' lang='lat' dir='ltr'>aded</span> <span class='ocrx_word' id='word_1_113' title='bbox 839 1407 873 1454; x_wconf 91' lang='lat' dir='ltr'>ut</span> <span class='ocrx_word' id='word_1_114' title='bbox 897 1405 979 1454; x_wconf 86' lang='lat' dir='ltr'>mera</span> <span class='ocrx_word' id='word_1_115' title='bbox 1000 1389 1037 1458; x_wconf 85' lang='lat' dir='ltr'>lit</span> <span class='ocrx_word' id='word_1_116' title='bbox 1057 1393 1192 1471; x_wconf 84' lang='lat' dir='ltr'>nebula,</span> <span class='ocrx_word' id='word_1_117' title='bbox 1212 1415 1293 1482; x_wconf 83' lang='lat' dir='ltr'>quae</span> 
     </span>
     <span class='ocr_line' id='line_1_16' title="bbox 239 1471 1292 1618; baseline 0.006 -78"><span class='ocrx_word' id='word_1_118' title='bbox 239 1478 328 1542; x_wconf 89' lang='lat' dir='ltr'>claro</span> <span class='ocrx_word' id='word_1_119' title='bbox 348 1473 437 1560; x_wconf 84' lang='lat' dir='ltr'>saepe</span> <span class='ocrx_word' id='word_1_120' title='bbox 459 1473 588 1540; x_wconf 87' lang='lat' dir='ltr'>meridie</span> <span class='ocrx_word' id='word_1_121' title='bbox 608 1473 713 1538; x_wconf 86' lang='lat' dir='ltr'>telluri</span> <span class='ocrx_word' id='word_1_122' title='bbox 732 1471 950 1618; x_wconf 46' lang='lat' dir='ltr'>aclpraecipue</span> <span class='ocrx_word' id='word_1_123' title='bbox 969 1475 1044 1570; x_wconf 76' lang='lat' dir='ltr'>mari</span> <span class='ocrx_word' id='word_1_124' title='bbox 1065 1477 1239 1560; x_wconf 89' lang='lat' dir='ltr'>incumbit,</span> <span class='ocrx_word' id='word_1_125' title='bbox 1261 1483 1292 1546; x_wconf 86' lang='lat' dir='ltr'>dt</span> 
     </span>
     <span class='ocr_line' id='line_1_17' title="bbox 787 1553 1290 1637; baseline 0.018 -17"><span class='ocrx_word' id='word_1_126' title='bbox 787 1553 1070 1637; x_wconf 71' lang='lat' dir='ltr'>petumadnurir.</span> <span class='ocrx_word' id='word_1_127' title='bbox 1112 1557 1290 1628; x_wconf 76' lang='lat' dir='ltr'>llluuvenl</span> 
     </span>
    </p>

    <p class='ocr_par' dir='ltr' id='par_1_4' title="bbox 144 1636 1373 3125">
     <span class='ocr_line' id='line_1_18' title="bbox 238 1636 1290 1727; baseline 0.001 -18"><span class='ocrx_word' id='word_1_128' title='bbox 238 1645 446 1709; x_wconf 84' lang='lat' dir='ltr'>admiratione</span> <span class='ocrx_word' id='word_1_129' title='bbox 469 1641 615 1722; x_wconf 84' lang='lat' dir='ltr'>dignum,</span> <span class='ocrx_word' id='word_1_130' title='bbox 648 1636 666 1702; x_wconf 75' lang='lat' dir='ltr'>l</span> <span class='ocrx_word' id='word_1_131' title='bbox 690 1655 752 1704; x_wconf 87' lang='lat' dir='ltr'>turn</span> <span class='ocrx_word' id='word_1_132' title='bbox 777 1636 865 1703; x_wconf 79' lang='lat' dir='ltr'>vasto</span> <span class='ocrx_word' id='word_1_133' title='bbox 888 1639 1054 1708; x_wconf 83' lang='lat' dir='ltr'>intervallo</span> <span class='ocrx_word' id='word_1_134' title='bbox 1078 1640 1290 1727; x_wconf 76' lang='lat' dir='ltr'>spectantibus</span> 
     </span>
     <span class='ocr_line' id='line_1_19' title="bbox 240 1717 1290 1815; baseline 0.001 -21"><span class='ocrx_word' id='word_1_135' title='bbox 240 1747 306 1794; x_wconf 90' lang='lat' dir='ltr'>nun</span> <span class='ocrx_word' id='word_1_136' title='bbox 326 1729 460 1788; x_wconf 85' lang='lat' dir='ltr'>vertices</span> <span class='ocrx_word' id='word_1_137' title='bbox 481 1721 601 1788; x_wconf 85' lang='lat' dir='ltr'>tantlrtn</span> <span class='ocrx_word' id='word_1_138' title='bbox 620 1721 795 1800; x_wconf 87' lang='lat' dir='ltr'>muntium,</span> <span class='ocrx_word' id='word_1_139' title='bbox 817 1717 869 1788; x_wconf 82' lang='lat' dir='ltr'>sed</span> <span class='ocrx_word' id='word_1_140' title='bbox 886 1725 1006 1791; x_wconf 81' lang='lat' dir='ltr'>radices</span> <span class='ocrx_word' id='word_1_141' title='bbox 1025 1746 1203 1812; x_wconf 86' lang='lat' dir='ltr'>quoqueac</span> <span class='ocrx_word' id='word_1_142' title='bbox 1226 1727 1290 1815; x_wconf 81' lang='lat' dir='ltr'>ipsa</span> 
     </span>
     <span class='ocr_line' id='line_1_20' title="bbox 238 1801 1291 1896; baseline 0.005 -23"><span class='ocrx_word' id='word_1_143' title='bbox 238 1810 319 1896; x_wconf 82' lang='lat' dir='ltr'>pen&#39;e</span> <span class='ocrx_word' id='word_1_144' title='bbox 338 1805 451 1873; x_wconf 84' lang='lat' dir='ltr'>insulae</span> <span class='ocrx_word' id='word_1_145' title='bbox 467 1806 556 1872; x_wconf 85' lang='lat' dir='ltr'>litora</span> <span class='ocrx_word' id='word_1_146' title='bbox 568 1803 656 1871; x_wconf 87' lang='lat' dir='ltr'>limul</span> <span class='ocrx_word' id='word_1_147' title='bbox 667 1801 732 1870; x_wconf 87' lang='lat' dir='ltr'>sese</span> <span class='ocrx_word' id='word_1_148' title='bbox 746 1803 872 1872; x_wconf 77' lang='lat' dir='ltr'>visenda</span> <span class='ocrx_word' id='word_1_149' title='bbox 887 1805 1013 1874; x_wconf 83' lang='lat' dir='ltr'>offerre.</span> <span class='ocrx_word' id='word_1_150' title='bbox 1044 1809 1090 1876; x_wconf 87' lang='lat' dir='ltr'>Ut</span> <span class='ocrx_word' id='word_1_151' title='bbox 1105 1808 1186 1878; x_wconf 77' lang='lat' dir='ltr'>verb</span> <span class='ocrx_word' id='word_1_152' title='bbox 1203 1813 1291 1882; x_wconf 87' lang='lat' dir='ltr'>limul</span> 
     </span>
     <span class='ocr_line' id='line_1_21' title="bbox 238 1886 1291 1982; baseline 0.007 -26"><span class='ocrx_word' id='word_1_153' title='bbox 238 1893 409 1966; x_wconf 75' lang='lat' dir='ltr'>arlnnrent,</span> <span class='ocrx_word' id='word_1_154' title='bbox 433 1891 476 1954; x_wconf 88' lang='lat' dir='ltr'>ita</span> <span class='ocrx_word' id='word_1_155' title='bbox 495 1905 623 1974; x_wconf 84' lang='lat' dir='ltr'>quoque</span> <span class='ocrx_word' id='word_1_156' title='bbox 644 1886 801 1974; x_wconf 86' lang='lat' dir='ltr'>disparent</span> <span class='ocrx_word' id='word_1_157' title='bbox 829 1888 927 1957; x_wconf 85' lang='lat' dir='ltr'>fimul.</span> <span class='ocrx_word' id='word_1_158' title='bbox 959 1891 1044 1958; x_wconf 85' lang='lat' dir='ltr'>Hinc</span> <span class='ocrx_word' id='word_1_159' title='bbox 1065 1912 1174 1976; x_wconf 79' lang='lat' dir='ltr'>patet,</span> <span class='ocrx_word' id='word_1_160' title='bbox 1196 1899 1291 1982; x_wconf 70' lang='lat' dir='ltr'>quim</span> 
     </span>
     <span class='ocr_line' id='line_1_22' title="bbox 236 1971 1291 2059; baseline 0.007 -18"><span class='ocrx_word' id='word_1_161' title='bbox 236 1975 342 2041; x_wconf 70' lang='lat' dir='ltr'>fallaci</span> <span class='ocrx_word' id='word_1_162' title='bbox 359 1975 498 2040; x_wconf 87' lang='lat' dir='ltr'>nitantur</span> <span class='ocrx_word' id='word_1_163' title='bbox 509 1971 718 2038; x_wconf 83' lang='lat' dir='ltr'>fundamento</span> <span class='ocrx_word' id='word_1_164' title='bbox 730 1973 797 2054; x_wconf 91' lang='lat' dir='ltr'>illi,</span> <span class='ocrx_word' id='word_1_165' title='bbox 819 1975 873 2055; x_wconf 83' lang='lat' dir='ltr'>qui</span> <span class='ocrx_word' id='word_1_166' title='bbox 890 1994 930 2040; x_wconf 83' lang='lat' dir='ltr'>ex</span> <span class='ocrx_word' id='word_1_167' title='bbox 941 1976 1112 2059; x_wconf 85' lang='lat' dir='ltr'>adparente</span> <span class='ocrx_word' id='word_1_168' title='bbox 1129 1977 1185 2046; x_wconf 83' lang='lat' dir='ltr'>ista</span> <span class='ocrx_word' id='word_1_169' title='bbox 1202 1995 1291 2048; x_wconf 90' lang='lat' dir='ltr'>moo-</span> 
     </span>
     <span class='ocr_line' id='line_1_23' title="bbox 237 2056 1373 2149; baseline 0.01 -27"><span class='ocrx_word' id='word_1_170' title='bbox 237 2059 410 2123; x_wconf 86' lang='lat' dir='ltr'>tlumcirca</span> <span class='ocrx_word' id='word_1_171' title='bbox 426 2056 624 2122; x_wconf 84' lang='lat' dir='ltr'>horizontem</span> <span class='ocrx_word' id='word_1_172' title='bbox 638 2058 883 2139; x_wconf 81' lang='lat' dir='ltr'>proportione&amp;</span> <span class='ocrx_word' id='word_1_173' title='bbox 902 2059 1070 2140; x_wconf 77' lang='lat' dir='ltr'>distantia,</span> <span class='ocrx_word' id='word_1_174' title='bbox 1090 2061 1289 2149; x_wconf 86' lang='lat' dir='ltr'>velipsorurn</span> <span class='ocrx_word' id='word_1_175' title='bbox 1372 2129 1373 2146; x_wconf 64' lang='grc'>,</span> 
     </span>
     <span class='ocr_line' id='line_1_24' title="bbox 237 2139 1373 2232; baseline 0.011 -26"><span class='ocrx_word' id='word_1_176' title='bbox 237 2140 621 2218; x_wconf 83' lang='lat' dir='ltr'>montiumaltitudincnr,</span> <span class='ocrx_word' id='word_1_177' title='bbox 642 2141 693 2205; x_wconf 87' lang='lat' dir='ltr'>vel</span> <span class='ocrx_word' id='word_1_178' title='bbox 718 2139 941 2209; x_wconf 80' lang='lat' dir='ltr'>refratlionum</span> <span class='ocrx_word' id='word_1_179' title='bbox 957 2163 1114 2214; x_wconf 87' lang='lat' dir='ltr'>momenta</span> <span class='ocrx_word' id='word_1_180' title='bbox 1133 2147 1289 2232; x_wconf 81' lang='lat' dir='ltr'>inquirere</span> <span class='ocrx_word' id='word_1_181' title='bbox 1372 2175 1373 2218; x_wconf 63' lang='lat' dir='ltr'><strong>f</strong></span> 
     </span>
     <span class='ocr_line' id='line_1_25' title="bbox 235 2223 1289 2310; baseline 0.008 -20"><span class='ocrx_word' id='word_1_182' title='bbox 235 2243 415 2303; x_wconf 85' lang='lat' dir='ltr'>conantur,</span> <span class='ocrx_word' id='word_1_183' title='bbox 446 2223 517 2290; x_wconf 86' lang='lat' dir='ltr'>clnn</span> <span class='ocrx_word' id='word_1_184' title='bbox 551 2223 717 2310; x_wconf 90' lang='lat' dir='ltr'>proportio</span> <span class='ocrx_word' id='word_1_185' title='bbox 739 2224 815 2289; x_wconf 85' lang='lat' dir='ltr'>naec</span> <span class='ocrx_word' id='word_1_186' title='bbox 841 2245 900 2304; x_wconf 88' lang='lat' dir='ltr'>pro</span> <span class='ocrx_word' id='word_1_187' title='bbox 921 2227 1071 2296; x_wconf 84' lang='lat' dir='ltr'>denlitate</span> <span class='ocrx_word' id='word_1_188' title='bbox 1101 2229 1133 2297; x_wconf 85' lang='lat' dir='ltr'>dt</span> <span class='ocrx_word' id='word_1_189' title='bbox 1160 2235 1289 2298; x_wconf 87' lang='lat' dir='ltr'>raritate</span> 
     </span>
     <span class='ocr_line' id='line_1_26' title="bbox 233 2305 1287 2386; baseline 0.006 -12"><span class='ocrx_word' id='word_1_190' title='bbox 233 2311 313 2376; x_wconf 77' lang='lat' dir='ltr'>a&#39;drit</span> <span class='ocrx_word' id='word_1_191' title='bbox 329 2305 449 2373; x_wconf 83' lang='lat' dir='ltr'>crescat</span> <span class='ocrx_word' id='word_1_192' title='bbox 469 2305 696 2386; x_wconf 83' lang='lat' dir='ltr'>&amp;tlecrescat,</span> <span class='ocrx_word' id='word_1_193' title='bbox 727 2309 807 2373; x_wconf 87' lang='lat' dir='ltr'>lraud</span> <span class='ocrx_word' id='word_1_194' title='bbox 824 2309 916 2374; x_wconf 86' lang='lat' dir='ltr'>aliter</span> <span class='ocrx_word' id='word_1_195' title='bbox 935 2329 967 2376; x_wconf 86' lang='lat' dir='ltr'>at</span> <span class='ocrx_word' id='word_1_196' title='bbox 993 2331 1031 2378; x_wconf 87' lang='lat' dir='ltr'>uc</span> <span class='ocrx_word' id='word_1_197' title='bbox 1053 2331 1200 2382; x_wconf 80' lang='lat' dir='ltr'>nutrimus</span> <span class='ocrx_word' id='word_1_198' title='bbox 1221 2316 1287 2386; x_wconf 79' lang='lat' dir='ltr'>five</span> 
     </span>
     <span class='ocr_line' id='line_1_27' title="bbox 232 2389 1288 2485; baseline 0.009 -28"><span class='ocrx_word' id='word_1_199' title='bbox 232 2395 364 2458; x_wconf 81' lang='lat' dir='ltr'>annulus</span> <span class='ocrx_word' id='word_1_200' title='bbox 388 2393 420 2457; x_wconf 92' lang='lat' dir='ltr'>in</span> <span class='ocrx_word' id='word_1_201' title='bbox 438 2407 544 2456; x_wconf 89' lang='lat' dir='ltr'>urnam</span> <span class='ocrx_word' id='word_1_202' title='bbox 563 2389 891 2473; x_wconf 76' lang='lat' dir='ltr'>conJediusatrollitur</span> <span class='ocrx_word' id='word_1_203' title='bbox 903 2396 954 2460; x_wconf 88' lang='lat' dir='ltr'>vel</span> <span class='ocrx_word' id='word_1_204' title='bbox 1011 2399 1102 2479; x_wconf 86' lang='lat' dir='ltr'>primi</span> <span class='ocrx_word' id='word_1_205' title='bbox 1120 2419 1177 2477; x_wconf 89' lang='lat' dir='ltr'>ur,</span> <span class='ocrx_word' id='word_1_206' title='bbox 1194 2417 1288 2485; x_wconf 87' lang='lat' dir='ltr'>prout</span> 
     </span>
     <span class='ocr_line' id='line_1_28' title="bbox 229 2471 1287 2572; baseline 0.009 -31"><span class='ocrx_word' id='word_1_207' title='bbox 229 2477 305 2572; x_wconf 81' lang='lat' dir='ltr'>plus</span> <span class='ocrx_word' id='word_1_208' title='bbox 321 2471 779 2560; x_wconf 78' lang='lat' dir='ltr'>minurteaquacadiundatur·</span> <span class='ocrx_word' id='word_1_209' title='bbox 801 2474 868 2559; x_wconf 88' lang='lat' dir='ltr'>Jnnr</span> <span class='ocrx_word' id='word_1_210' title='bbox 883 2477 1046 2547; x_wconf 76' lang='lat' dir='ltr'>verorum</span> <span class='ocrx_word' id='word_1_211' title='bbox 1063 2483 1147 2550; x_wconf 89' lang='lat' dir='ltr'>nulla</span> <span class='ocrx_word' id='word_1_212' title='bbox 1161 2483 1200 2552; x_wconf 86' lang='lat' dir='ltr'>iit</span> <span class='ocrx_word' id='word_1_213' title='bbox 1215 2503 1287 2569; x_wconf 87' lang='lat' dir='ltr'>pto·</span> 
     </span>
     <span class='ocr_line' id='line_1_29' title="bbox 230 2557 1286 2649; baseline 0.009 -24"><span class='ocrx_word' id='word_1_214' title='bbox 230 2561 339 2642; x_wconf 89' lang='lat' dir='ltr'>portio</span> <span class='ocrx_word' id='word_1_215' title='bbox 358 2561 513 2628; x_wconf 80' lang='lat' dir='ltr'>montium</span> <span class='ocrx_word' id='word_1_216' title='bbox 529 2557 722 2626; x_wconf 84' lang='lat' dir='ltr'>Corficaead</span> <span class='ocrx_word' id='word_1_217' title='bbox 738 2557 915 2638; x_wconf 87' lang='lat' dir='ltr'>Haemum,</span> <span class='ocrx_word' id='word_1_218' title='bbox 936 2565 1050 2630; x_wconf 91' lang='lat' dir='ltr'>nemini</span> <span class='ocrx_word' id='word_1_219' title='bbox 1074 2582 1156 2649; x_wconf 90' lang='lat' dir='ltr'>puto</span> <span class='ocrx_word' id='word_1_220' title='bbox 1172 2570 1286 2636; x_wconf 85' lang='lat' dir='ltr'>mirum</span> 
     </span>
     <span class='ocr_line' id='line_1_30' title="bbox 230 2641 1286 2729; baseline -0.006 -21"><span class='ocrx_word' id='word_1_221' title='bbox 230 2644 412 2720; x_wconf 86' lang='lat' dir='ltr'>videbitur,</span> <span class='ocrx_word' id='word_1_222' title='bbox 432 2641 471 2708; x_wconf 84' lang='lat' dir='ltr'>ab</span> <span class='ocrx_word' id='word_1_223' title='bbox 491 2641 615 2710; x_wconf 84' lang='lat' dir='ltr'>Haemo</span> <span class='ocrx_word' id='word_1_224' title='bbox 636 2641 760 2729; x_wconf 76' lang='lat' dir='ltr'>iungitis</span> <span class='ocrx_word' id='word_1_225' title='bbox 774 2661 881 2727; x_wconf 85' lang='lat' dir='ltr'>patere</span> <span class='ocrx_word' id='word_1_226' title='bbox 893 2643 1100 2729; x_wconf 70' lang='lat' dir='ltr'>prospectum.</span> <span class='ocrx_word' id='word_1_227' title='bbox 1134 2647 1208 2716; x_wconf 85' lang='lat' dir='ltr'>Noc</span> <span class='ocrx_word' id='word_1_228' title='bbox 1229 2653 1286 2718; x_wconf 91' lang='lat' dir='ltr'>ob.</span> 
     </span>
     <span class='ocr_line' id='line_1_31' title="bbox 229 2725 1287 2821; baseline 0.009 -29"><span class='ocrx_word' id='word_1_229' title='bbox 229 2727 286 2792; x_wconf 88' lang='lat' dir='ltr'>stat</span> <span class='ocrx_word' id='word_1_230' title='bbox 301 2728 331 2793; x_wconf 89' lang='lat' dir='ltr'>id</span> <span class='ocrx_word' id='word_1_231' title='bbox 345 2725 431 2808; x_wconf 81' lang='lat' dir='ltr'>quod</span> <span class='ocrx_word' id='word_1_232' title='bbox 441 2726 558 2792; x_wconf 81' lang='lat' dir='ltr'>¹Strabo</span> <span class='ocrx_word' id='word_1_233' title='bbox 573 2726 700 2808; x_wconf 85' lang='lat' dir='ltr'>objicit,</span> <span class='ocrx_word' id='word_1_234' title='bbox 717 2743 843 2794; x_wconf 86' lang='lat' dir='ltr'>montes</span> <span class='ocrx_word' id='word_1_235' title='bbox 858 2729 1163 2798; x_wconf 85' lang='lat' dir='ltr'>vastosiutercedere</span> <span class='ocrx_word' id='word_1_236' title='bbox 1177 2736 1232 2821; x_wconf 85' lang='lat' dir='ltr'>qui</span> <span class='ocrx_word' id='word_1_237' title='bbox 1242 2735 1287 2802; x_wconf 88' lang='lat' dir='ltr'>vi-</span> 
     </span>
     <span class='ocr_line' id='line_1_32' title="bbox 229 2801 1285 2888; baseline 0.009 -10"><span class='ocrx_word' id='word_1_238' title='bbox 229 2810 273 2878; x_wconf 88' lang='lat' dir='ltr'>sui</span> <span class='ocrx_word' id='word_1_239' title='bbox 293 2809 459 2878; x_wconf 81' lang='lat' dir='ltr'>officiant:</span> <span class='ocrx_word' id='word_1_240' title='bbox 489 2815 560 2874; x_wconf 78' lang='lat' dir='ltr'>clun</span> <span class='ocrx_word' id='word_1_241' title='bbox 579 2813 660 2875; x_wconf 89' lang='lat' dir='ltr'>enim</span> <span class='ocrx_word' id='word_1_242' title='bbox 684 2811 842 2878; x_wconf 80' lang='lat' dir='ltr'>terrestres</span> <span class='ocrx_word' id='word_1_243' title='bbox 859 2801 1064 2882; x_wconf 75' lang='lat' dir='ltr'>iefraciioner</span> <span class='ocrx_word' id='word_1_244' title='bbox 1083 2817 1186 2882; x_wconf 89' lang='lat' dir='ltr'>multo</span> <span class='ocrx_word' id='word_1_245' title='bbox 1207 2817 1285 2888; x_wconf 85' lang='lat' dir='ltr'>sem·</span> 
     </span>
     <span class='ocr_line' id='line_1_33' title="bbox 144 2893 1372 2986; baseline 0.009 -28"><span class='ocrx_word' id='word_1_246' title='bbox 144 2943 154 2958; x_wconf 88' lang='lat'><strong>.</strong></span> <span class='ocrx_word' id='word_1_247' title='bbox 230 2913 287 2978; x_wconf 87' lang='lat' dir='ltr'>per</span> <span class='ocrx_word' id='word_1_248' title='bbox 302 2895 362 2962; x_wconf 89' lang='lat' dir='ltr'>srnt</span> <span class='ocrx_word' id='word_1_249' title='bbox 377 2894 512 2960; x_wconf 82' lang='lat' dir='ltr'>minores</span> <span class='ocrx_word' id='word_1_250' title='bbox 527 2893 918 2972; x_wconf 84' lang='lat' dir='ltr'>maritimis,mnnifellum</span> <span class='ocrx_word' id='word_1_251' title='bbox 938 2898 1001 2976; x_wconf 87' lang='lat' dir='ltr'>est,</span> <span class='ocrx_word' id='word_1_252' title='bbox 1023 2901 1118 2966; x_wconf 86' lang='lat' dir='ltr'>maria</span> <span class='ocrx_word' id='word_1_253' title='bbox 1132 2898 1164 2966; x_wconf 83' lang='lat' dir='ltr'>su</span> <span class='ocrx_word' id='word_1_254' title='bbox 1189 2923 1221 2968; x_wconf 87' lang='lat' dir='ltr'>ra</span> <span class='ocrx_word' id='word_1_255' title='bbox 1242 2903 1287 2986; x_wconf 82' lang='lat' dir='ltr'>ip</span> <span class='ocrx_word' id='word_1_256' title='bbox 1371 2937 1372 2974; x_wconf 73' lang='lat' dir='ltr'>r</span> 
     </span>
     <span class='ocr_line' id='line_1_34' title="bbox 229 2921 1372 3125; baseline 0.008 -80"><span class='ocrx_word' id='word_1_257' title='bbox 229 2977 279 3045; x_wconf 86' lang='lat' dir='ltr'>sos</span> <span class='ocrx_word' id='word_1_258' title='bbox 303 2993 435 3125; x_wconf 52' lang='lat' dir='ltr'>quoque</span> <span class='ocrx_word' id='word_1_259' title='bbox 455 2973 584 3062; x_wconf 86' lang='lat' dir='ltr'>refringi</span> <span class='ocrx_word' id='word_1_260' title='bbox 614 2995 745 3044; x_wconf 85' lang='lat' dir='ltr'>montes.</span> <span class='ocrx_word' id='word_1_261' title='bbox 769 2977 830 3042; x_wconf 87' lang='lat' dir='ltr'>Sed</span> <span class='ocrx_word' id='word_1_262' title='bbox 860 2983 963 3048; x_wconf 84' lang='lat' dir='ltr'>omnia</span> <span class='ocrx_word' id='word_1_263' title='bbox 985 3000 1128 3066; x_wconf 88' lang='lat' dir='ltr'>portenta</span> <span class='ocrx_word' id='word_1_264' title='bbox 1157 2921 1286 3074; x_wconf 45' lang='lat' dir='ltr'>&amp;perat</span> <span class='ocrx_word' id='word_1_265' title='bbox 1371 2989 1372 2996; x_wconf 76' lang='grc'>’</span> 
     </span>
    </p>

    <p class='ocr_par' dir='ltr' id='par_1_5' title="bbox 348 3081 368 3125">
     <span class='ocr_line' id='line_1_35' title="bbox 348 3081 368 3125; baseline 0 0"><span class='ocrx_word' id='word_1_266' title='bbox 348 3081 368 3125; x_wconf 91' lang='lat' dir='ltr'>o</span> 
     </span>
    </p>
   </div>
   <div class='ocr_carea' id='block_1_4' title="bbox 229 3058 1288 3146">
    <p class='ocr_par' dir='ltr' id='par_1_6' title="bbox 229 3058 1288 3146">
     <span class='ocr_line' id='line_1_36' title="bbox 229 3058 1288 3146; baseline -0.005 -17"><span class='ocrx_word' id='word_1_267' title='bbox 229 3063 281 3140; x_wconf 90' lang='lat' dir='ltr'>id,</span> <span class='ocrx_word' id='word_1_268' title='bbox 304 3080 346 3146; x_wconf 89' lang='lat' dir='ltr'>qu</span> <span class='ocrx_word' id='word_1_269' title='bbox 406 3058 589 3128; x_wconf 86' lang='lat' dir='ltr'>Aristotcles</span> <span class='ocrx_word' id='word_1_270' title='bbox 601 3061 632 3126; x_wconf 94' lang='lat' dir='ltr'>in</span> <span class='ocrx_word' id='word_1_271' title='bbox 649 3059 845 3126; x_wconf 77' lang='lat' dir='ltr'>lllrralr&#39;lrlus</span> <span class='ocrx_word' id='word_1_272' title='bbox 861 3081 1013 3132; x_wconf 85' lang='lat' dir='ltr'>memorat</span> <span class='ocrx_word' id='word_1_273' title='bbox 1029 3067 1070 3133; x_wconf 88' lang='lat' dir='ltr'>de</span> <span class='ocrx_word' id='word_1_274' title='bbox 1084 3085 1194 3135; x_wconf 86' lang='lat' dir='ltr'>monte</span> <span class='ocrx_word' id='word_1_275' title='bbox 1208 3069 1288 3140; x_wconf 75' lang='lat' dir='ltr'>Del.</span> 
     </span>
    </p>
   </div>
   <div class='ocr_carea' id='block_1_5' title="bbox 226 3141 1290 3730">
    <p class='ocr_par' dir='ltr' id='par_1_7' title="bbox 251 3141 1283 3234">
     <span class='ocr_line' id='line_1_37' title="bbox 251 3141 1283 3234; baseline 0.01 -22"><span class='ocrx_word' id='word_1_276' title='bbox 251 3147 305 3212; x_wconf 85' lang='lat' dir='ltr'>hio</span> <span class='ocrx_word' id='word_1_277' title='bbox 328 3149 358 3209; x_wconf 85' lang='lat' dir='ltr'>ln</span> <span class='ocrx_word' id='word_1_278' title='bbox 383 3141 550 3224; x_wconf 86' lang='lat' dir='ltr'>Liburnia,</span> <span class='ocrx_word' id='word_1_279' title='bbox 576 3145 677 3211; x_wconf 86' lang='lat' dir='ltr'>videri</span> <span class='ocrx_word' id='word_1_280' title='bbox 705 3163 743 3209; x_wconf 82' lang='lat' dir='ltr'>ex</span> <span class='ocrx_word' id='word_1_281' title='bbox 770 3145 827 3210; x_wconf 91' lang='lat' dir='ltr'>illo</span> <span class='ocrx_word' id='word_1_282' title='bbox 848 3146 1112 3234; x_wconf 87' lang='lat' dir='ltr'>Hellespontum,</span> <span class='ocrx_word' id='word_1_283' title='bbox 1143 3153 1283 3222; x_wconf 82' lang='lat' dir='ltr'>Pontum</span> 
     </span>
    </p>

    <p class='ocr_par' dir='ltr' id='par_1_8' title="bbox 226 3167 1290 3730">
     <span class='ocr_line' id='line_1_38' title="bbox 229 3167 1290 3326; baseline 0.008 -29"><span class='ocrx_word' id='word_1_284' title='bbox 229 3167 412 3304; x_wconf 44' lang='lat' dir='ltr'>guarinum,</span> <span class='ocrx_word' id='word_1_285' title='bbox 427 3245 464 3292; x_wconf 88' lang='lat' dir='ltr'>ac</span> <span class='ocrx_word' id='word_1_286' title='bbox 475 3226 716 3296; x_wconf 88' lang='lat' dir='ltr'>intrantiaillum</span> <span class='ocrx_word' id='word_1_287' title='bbox 733 3230 870 3314; x_wconf 84' lang='lat' dir='ltr'>navigia.</span> <span class='ocrx_word' id='word_1_288' title='bbox 893 3231 995 3318; x_wconf 90' lang='lat' dir='ltr'>ipsum</span> <span class='ocrx_word' id='word_1_289' title='bbox 1008 3233 1071 3300; x_wconf 90' lang='lat' dir='ltr'>lroc</span> <span class='ocrx_word' id='word_1_290' title='bbox 1083 3237 1193 3304; x_wconf 88' lang='lat' dir='ltr'>retulit</span> <span class='ocrx_word' id='word_1_291' title='bbox 1208 3257 1290 3326; x_wconf 78' lang='lat' dir='ltr'>quo</span> 
     </span>
     <span class='ocr_line' id='line_1_39' title="bbox 230 3310 1285 3396; baseline 0.011 -20"><span class='ocrx_word' id='word_1_292' title='bbox 230 3333 293 3392; x_wconf 81' lang='lat' dir='ltr'>que</span> <span class='ocrx_word' id='word_1_293' title='bbox 320 3310 569 3396; x_wconf 84' lang='lat' dir='ltr'>Theopompus,</span> <span class='ocrx_word' id='word_1_294' title='bbox 604 3331 639 3376; x_wconf 89' lang='lat' dir='ltr'>ut</span> <span class='ocrx_word' id='word_1_295' title='bbox 662 3312 789 3378; x_wconf 84' lang='lat' dir='ltr'>videtur</span> <span class='ocrx_word' id='word_1_296' title='bbox 806 3315 933 3380; x_wconf 88' lang='lat' dir='ltr'>innuere</span> <span class='ocrx_word' id='word_1_297' title='bbox 952 3317 1065 3382; x_wconf 79' lang='lat' dir='ltr'>Strabo</span> <span class='ocrx_word' id='word_1_298' title='bbox 1095 3317 1178 3387; x_wconf 93' lang='lat' dir='ltr'>libro</span> <span class='ocrx_word' id='word_1_299' title='bbox 1210 3341 1285 3388; x_wconf 88' lang='lat' dir='ltr'>vrt.</span> 
     </span>
     <span class='ocr_line' id='line_1_40' title="bbox 230 3393 1287 3486; baseline 0.009 -25"><span class='ocrx_word' id='word_1_300' title='bbox 230 3397 280 3461; x_wconf 86' lang='lat' dir='ltr'>Er</span> <span class='ocrx_word' id='word_1_301' title='bbox 301 3394 364 3458; x_wconf 83' lang='lat' dir='ltr'>hoe</span> <span class='ocrx_word' id='word_1_302' title='bbox 385 3413 492 3459; x_wconf 87' lang='lat' dir='ltr'>errore</span> <span class='ocrx_word' id='word_1_303' title='bbox 511 3395 590 3458; x_wconf 87' lang='lat' dir='ltr'>alter</span> <span class='ocrx_word' id='word_1_304' title='bbox 608 3413 700 3460; x_wconf 86' lang='lat' dir='ltr'>natus</span> <span class='ocrx_word' id='word_1_305' title='bbox 719 3393 816 3458; x_wconf 82' lang='lat' dir='ltr'>fuisse</span> <span class='ocrx_word' id='word_1_306' title='bbox 843 3400 991 3475; x_wconf 88' lang='lat' dir='ltr'>videtur,</span> <span class='ocrx_word' id='word_1_307' title='bbox 1012 3417 1125 3486; x_wconf 88' lang='lat' dir='ltr'>nempe</span> <span class='ocrx_word' id='word_1_308' title='bbox 1144 3401 1287 3474; x_wconf 82' lang='lat' dir='ltr'>Pontum</span> 
     </span>
     <span class='ocr_line' id='line_1_41' title="bbox 230 3474 1288 3553; baseline 0.009 -9"><span class='ocrx_word' id='word_1_309' title='bbox 230 3477 392 3544; x_wconf 80' lang='lat' dir='ltr'>Euxinum</span> <span class='ocrx_word' id='word_1_310' title='bbox 417 3474 485 3542; x_wconf 83' lang='lat' dir='ltr'>esse</span> <span class='ocrx_word' id='word_1_311' title='bbox 505 3477 646 3542; x_wconf 90' lang='lat' dir='ltr'>vicinum</span> <span class='ocrx_word' id='word_1_312' title='bbox 664 3476 753 3544; x_wconf 88' lang='lat' dir='ltr'>Ionio</span> <span class='ocrx_word' id='word_1_313' title='bbox 770 3477 835 3545; x_wconf 85' lang='lat' dir='ltr'>five</span> <span class='ocrx_word' id='word_1_314' title='bbox 860 3480 1022 3548; x_wconf 83' lang='lat' dir='ltr'>Adriatico</span> <span class='ocrx_word' id='word_1_315' title='bbox 1045 3486 1132 3552; x_wconf 92' lang='lat' dir='ltr'>mari.</span> <span class='ocrx_word' id='word_1_316' title='bbox 1174 3487 1231 3553; x_wconf 84' lang='lat' dir='ltr'>Sic</span> <span class='ocrx_word' id='word_1_317' title='bbox 1243 3489 1288 3553; x_wconf 88' lang='lat' dir='ltr'>in·</span> 
     </span>
     <span class='ocr_line' id='line_1_42' title="bbox 229 3560 1286 3652; baseline 0.009 -30"><span class='ocrx_word' id='word_1_318' title='bbox 229 3581 277 3625; x_wconf 85' lang='lat' dir='ltr'>rer</span> <span class='ocrx_word' id='word_1_319' title='bbox 306 3561 382 3626; x_wconf 72' lang='lat' dir='ltr'>alicu</span> <span class='ocrx_word' id='word_1_320' title='bbox 407 3560 540 3625; x_wconf 87' lang='lat' dir='ltr'>credidit</span> <span class='ocrx_word' id='word_1_321' title='bbox 570 3561 688 3627; x_wconf 75' lang='lat' dir='ltr'>Audlor</span> <span class='ocrx_word' id='word_1_322' title='bbox 706 3579 903 3648; x_wconf 82' lang='lat' dir='ltr'>anonymus,</span> <span class='ocrx_word' id='word_1_323' title='bbox 927 3567 984 3652; x_wconf 88' lang='lat' dir='ltr'>qui</span> <span class='ocrx_word' id='word_1_324' title='bbox 1008 3569 1177 3652; x_wconf 51' lang='grc' dir='ltr'>περιήγησιν</span> <span class='ocrx_word' id='word_1_325' title='bbox 1199 3569 1286 3642; x_wconf 80' lang='lat' dir='ltr'>suam</span> 
     </span>
     <span class='ocr_line' id='line_1_43' title="bbox 226 3641 691 3730; baseline -0.006 -16"><span class='ocrx_word' id='word_1_326' title='bbox 226 3643 399 3714; x_wconf 85' lang='lat' dir='ltr'>Nicomedi</span> <span class='ocrx_word' id='word_1_327' title='bbox 419 3643 499 3730; x_wconf 84' lang='lat' dir='ltr'>Regi</span> <span class='ocrx_word' id='word_1_328' title='bbox 521 3641 691 3730; x_wconf 88' lang='lat' dir='ltr'>inscriplit:</span> 
     </span>
    </p>
   </div>
   <div class='ocr_carea' id='block_1_6' title="bbox 370 3791 1056 3980">
    <p class='ocr_par' dir='ltr' id='par_1_9' title="bbox 370 3791 1056 3980">
     <span class='ocr_line' id='line_1_44' title="bbox 370 3791 1023 3896; baseline 0.009 -24"><span class='ocrx_word' id='word_1_329' title='bbox 370 3807 449 3886; x_wconf 72' lang='grc' dir='ltr'>Ἀἡρ</span> <span class='ocrx_word' id='word_1_330' title='bbox 478 3807 664 3872; x_wconf 64' lang='lat' dir='ltr'>lamercurt</span> <span class='ocrx_word' id='word_1_331' title='bbox 678 3807 710 3872; x_wconf 77' lang='grc' dir='ltr'>δὲ</span> <span class='ocrx_word' id='word_1_332' title='bbox 725 3811 791 3896; x_wconf 67' lang='grc' dir='ltr'>πρὸς</span> <span class='ocrx_word' id='word_1_333' title='bbox 808 3810 858 3874; x_wconf 75' lang='grc' dir='ltr'>τὸν</span> <span class='ocrx_word' id='word_1_334' title='bbox 873 3791 1023 3878; x_wconf 64' lang='lat' dir='ltr'>Horrttdr&#39;</span> 
     </span>
     <span class='ocr_line' id='line_1_45' title="bbox 370 3889 1056 3980; baseline 0.015 -27"><span class='ocrx_word' id='word_1_335' title='bbox 370 3889 475 3958; x_wconf 77' lang='lat' dir='ltr'>&#39;Ertir</span> <span class='ocrx_word' id='word_1_336' title='bbox 493 3892 563 3975; x_wconf 71' lang='grc' dir='ltr'>ὑπὲρ</span> <span class='ocrx_word' id='word_1_337' title='bbox 577 3891 684 3962; x_wconf 73' lang='lat' dir='ltr'>at&#39;rrrdt</span> <span class='ocrx_word' id='word_1_338' title='bbox 704 3901 808 3980; x_wconf 69' lang='grc' dir='ltr'>καίπερ</span> <span class='ocrx_word' id='word_1_339' title='bbox 824 3899 909 3968; x_wconf 73' lang='grc' dir='ltr'><em>ὄντας</em></span> <span class='ocrx_word' id='word_1_340' title='bbox 928 3903 1056 3978; x_wconf 71' lang='grc' dir='ltr'>πλησίον.</span> 
     </span>
    </p>
   </div>
   <div class='ocr_carea' id='block_1_7' title="bbox 1167 4065 1295 4142">
    <p class='ocr_par' dir='ltr' id='par_1_10' title="bbox 1167 4065 1295 4142">
     <span class='ocr_line' id='line_1_46' title="bbox 1167 4065 1295 4142; baseline -0.008 0"><span class='ocrx_word' id='word_1_341' title='bbox 1167 4065 1295 4142; x_wconf 72' lang='lat' dir='ltr'>vernn</span> 
     </span>
    </p>
   </div>
   <div class='ocr_carea' id='block_1_8' title="bbox 0 0 1388 4554">
    <p class='ocr_par' dir='ltr' id='par_1_11' title="bbox 0 0 1388 4554">
     <span class='ocr_line' id='line_1_47' title="bbox 0 0 1388 4554; baseline 0 1"><span class='ocrx_word' id='word_1_342' title='bbox 0 0 1388 4554; x_wconf 95' lang='lat' dir='ltr'> </span> 
     </span>
    </p>
   </div>
  </div>
 </body>
</html>
