2714 4534
178 192 250 268 IN
272 193 439 270 POMP.
464 189 668 272 MELAE
699 195 793 269 Lru.
818 195 865 272 ΙΙ.
888 201 1036 275 Can.
1081 225 1153 293 999

73 352 132 416 At
148 353 447 424 uliaetiamirabent
468 353 609 440 plerique
623 353 719 422 MSS.
744 352 797 420 sed
814 354 906 424 Voss.
931 380 961 426 2.
984 363 1149 445 ntanniia
1252 411 1258 420 -

65 458 103 518 3.
134 433 177 506 &⁹
191 438 262 502 aira.
282 438 398 520 Meus,
431 433 468 508 ἃ
486 437 582 517 aiios,
606 437 657 503 sed
673 443 874 506 emendatum
895 441 924 508 in
945 447 1086 528 margine
1099 461 1148 517 nt.

68 519 248 587 Gudianus
262 523 301 584 ud
309 566 322 600 ,
343 519 430 606 quod
444 521 489 595 τῷ
498 533 531 586 at
541 520 779 604 praeferendum
793 521 990 594 existimabat
1006 529 1056 595 Cr.
1075 531 1147 598 Ou-

65 605 295 688 deridemus,
320 607 420 689 quiad
434 604 516 670 hunc
530 605 635 672 locum
651 623 838 676 notaverat:
857 655 882 688 „
896 609 973 675 Scio
983 624 1098 693 cetera,
1119 617 1141 646 ’⁹

68 733 97 768 ,‚
125 687 211 768 ulia,
244 690 362 770 omnia,
384 686 604 754 adverbialiter
621 687 723 770 sumi,
746 688 810 755 five
828 693 904 776 quod
923 695 963 756 ad
983 707 1100 776 cetera,
1122 701 1143 734 ¹⁹

65 817 97 852 „
127 771 195 834 aliu
225 774 347 854 omnia,
376 771 549 838 liverani
576 771 697 844 niatu.
722 771 787 836 ’tui'
805 773 900 860 ἕτερα.
924 779 987 845 Sed
1006 779 1098 848 aliter
1118 783 1140 812 ¹⁸

68 897 98 932 2·
125 857 316 936 plerumque
331 871 413 922 amat
428 853 528 923 Mela.
551 853 623 922 Lib.
648 872 697 923 rr.
718 873 790 940 cap.
817 877 847 928 ι.
872 859 980 926 Terrae
991 865 1030 926 ad
1042 877 1097 947 pa-
1119 867 1140 896 ’·

70 938 148 1000 urta
173 938 327 1020 fertiles,
356 934 478 1021 sttriirt
510 940 550 1002 ud
579 949 684 1004 cetera.
722 955 790 1024 cap.
824 962 853 1010 2.
893 945 933 1007 ud
945 945 1095 1024 ferociunt
1114 951 1135 979 ”

69 1067 98 1102 „
127 1023 192 1088 dte.
216 1021 321 1104 ferax.
350 1039 385 1086 ca
413 1073 419 1090 .
449 1041 479 1106 7.
510 1023 563 1090 fin.
594 1022 717 1087 nuntia
740 1023 862 1108 largior.
887 1044 922 1094 ut
946 1029 978 1096 in
1000 1027 1097 1100 MSS.
1119 1033 1141 1062 ”

72 1151 101 1184 „
128 1107 307 1192 nonunuilis
324 1104 361 1201 ,dt
382 1039 464 1172 ssdd.
497 1119 579 1170 vett.
607 1123 678 1188 cap.
704 1126 736 1192 3.
753 1117 842 1188 pares
865 1109 905 1174 ad
915 1111 1048 1190 santam.
1068 1117 1099 1182 dt
1120 1119 1140 1146 '⁹

72 1233 101 1268 ‚,
129 1184 223 1336 saepe
249 1192 284 1257 in
310 1188 365 1284 ltu.
401 1207 487 1272 ιιι,
508 1206 604 1275 quare
630 1206 704 1256 cum
728 1189 853 1258 schotti
883 1193 1024 1264 editione
1050 1197 1103 1264 hic
1120 1201 1140 1230 '’
1233 1227 1238 1236 ·

73 1311 102 1349 2,
130 1274 288 1338 marmad
306 1271 380 1336 airu.
402 1274 422 1302 '¹

123 1356 142 1420 i.
172 1363 240 1439 145'.
270 1355 330 1420 Pro
351 1351 647 1438 dimittitemini
679 1353 803 1424 Decem
830 1354 926 1428 MSS.
955 1378 1072 1426 nemora
1085 1373 1140 1445 prt

71 1437 221 1502 domibus.
243 1439 274 1506 ἃ
293 1457 383 1507 mox:
404 1436 442 1511 ὅ
461 1437 583 1512 seminis
610 1437 652 1512 δ’
667 1442 899 1504 maritumum
913 1441 991 1524 sunt
1013 1448 1141 1530 capitu,

72 1539 139 1604 pro
154 1523 241 1605 vulg.
264 1519 302 1596 isi
320 1523 449 1588 maritus
473 1520 648 1604 &feminis
665 1523 828 1607 nudusunt
845 1528 957 1608 capitu.

77 1741 1145 1778 pum

262 1953 754 2060 LIBRI
865 1953 956 2056 11.

514 2255 629 2338 Car.
682 2255 713 2336 1.

78 2527 101 2592 ¹·
116 2543 155 2664 .³'
175 2519 618 2689 Aitit‘tittttti
636 2517 845 2687 iiiiii}
858 2527 1140 2692 timiditati

83 2696 157 2757 tium
172 2689 319 2774 uppusttu,
348 2709 383 2754 dt
404 2689 548 2771 Rhipaeis
573 2692 741 2784 montibus,
769 2709 839 2751 num
858 2687 895 2760 fi?
909 2687 963 2786 itur
981 2691 1030 2754 iiii
1042 2699 1136 2771 perti·

80 2787 160 2842 naut.
201 2771 345 2840 Proxima
369 2777 504 2838 cadentes
530 2769 642 2850 ussrdrri
667 2791 750 2844 niver
776 2771 844 2834 ndei
869 2777 953 2836 irrina
977 2771 1136 2862 afficiunt]

79 2859 175 2926 MSS.
197 2861 231 2924 in
252 2857 396 2942 Ripbet't,
426 2859 460 2920 itt
486 2853 661 2938 Atripireit,
695 2853 864 2936 Arrphair,
893 2873 929 2921 ac
950 2856 1134 2942 Meripireir,

84 2941 192 3017 &itur
211 2945 289 3008 enim
319 2939 433 3021 (Gud.
463 2937 519 3024 ei)
548 2941 718 3023 pertinent,
749 2941 885 3021 proxima
913 2942 1047 3006 cadentes
1071 2943 1135 3010 dte.

81 3027 263 3112 Lugendum
277 3025 376 3112 igitur
401 3041 497 3108 atque
515 3023 800 3108 interpungendum
823 3041 895 3090 cum
919 3023 972 3090 Ci.
994 3025 1133 3111 Reynoi·

82 3112 138 3178 du:
157 3107 275 3194 statijiru
300 3111 392 3174 lutere
417 3109 659 3194 innavigtttrtt‘um
687 3105 813 3190 appufitu
829 3151 840 3184 ,
859 3105 1002 3192 Rhipaeis
1022 3117 1131 3175 nronti.

82 3199 132 3260 ins
143 3197 281 3278 proxima
305 3194 324 3278 (
336 3189 374 3266 i?
392 3189 447 3256 itur
471 3197 551 3256 enim
571 3189 752 3277 pertinent)
778 3191 921 3256 cadentes.
945 3209 1040 3276 atque
1055 3213 1129 3260 eurr·

83 3282 150 3345 dem
172 3277 243 3346 feri
272 3279 304 3344 in
339 3277 467 3344 modum
496 3275 547 3342 Ci.
599 3277 770 3342 Perizonio
811 3275 862 3341 hic
894 3277 983 3342 iocus
1017 3277 1131 3346 consti·

80 3363 211 3430 tuendus
238 3363 434 3436 videbatur,
461 3355 581 3442 finistrt
605 3360 696 3424 intere
720 3361 966 3444 innaviguntium
988 3359 1127 3441 appofitt.

81 3444 221 3528 Rhipaeis
246 3447 409 3522 montibus,
435 3461 503 3508 tram
522 3442 560 3514 {i
584 3441 642 3510 itut
665 3442 712 3504 iiii
734 3444 907 3524 pertinent,
923 3445 1062 3525 proximu
1082 3464 1130 3508 cu-

82 3531 263 3598 terrestre.
314 3527 464 3596 Ceterum
496 3545 555 3612 pro
586 3528 619 3590 in
648 3523 775 3606 eripitis
806 3529 856 3592 vei
886 3529 920 3590 in
954 3527 1128 3611 arripitis,

84 3615 131 3680 tl.
163 3613 404 3698 Oudendorpius
434 3611 646 3692 reponendum
671 3605 908 3694 suspicabatur,
947 3609 1019 3676 Inde
1053 3609 1129 3677 Rtr.
1158 3647 1164 3660 ·

80 3699 178 3782 pitin
208 3699 245 3778 διΙ
270 3697 323 3764 Cl.
347 3691 503 3761 Graevius
531 3695 571 3757 ud
598 3692 716 3759 Florum
739 3695 794 3759 lib.
831 3713 901 3762 ιιι.
924 3713 993 3779 etp.
1014 3717 1045 3780 5.
1071 3715 1132 3782 pro
1187 3717 1193 3728 ·

88 3787 172 3848 iuterr
192 3781 327 3848 malebat
344 3778 433 3844 interi
443 3821 453 3854 ,
475 3781 620 3861 idemque
636 3777 779 3842 Pintiano
794 3775 905 3843 uisum.

124 3867 143 3932 i.
165 3871 196 3934 8.
233 3865 276 3932 Ut
303 3863 386 3928 uitri
407 3883 441 3926 nr
465 3862 559 3938 nititur
584 3862 699 3944 qnidam
721 3863 917 3928 incedentium
940 3861 1133 3950 udtnitttrrt}

84 3949 197 4032 Ducum
215 3947 312 4018 MSS.
336 3949 365 4018 it
385 3947 551 4020 E-iitiuner
568 3963 638 4098 taff
665 3943 860 4029 vurdinam,
888 3945 1000 4030 visuri,
1032 3965 1134 4024 eaque
1154 3989 1161 4000 .

647 4048 739 4110 rr4
1070 4049 1135 4096 rur
