2766 4554
143 237 216 320 AD
265 235 410 318 POMP.
439 238 640 320 Menam.
671 243 753 322 Ltr.
783 240 830 320 ll
867 241 952 324 Car.
985 243 1034 320 11.
1082 247 1155 344 σῃ

94 401 148 472 sus
167 402 224 472 iste
241 401 310 472 live
325 415 432 470 motus
452 403 618 486 obliquus,
639 403 757 472 mixtus
770 402 816 471 est
828 423 869 472 ex
883 403 1152 491 perpendiculari,

56 545 63 556 .
94 489 126 554 dt
144 507 184 554 ex
200 485 390 552 horizonrali
410 487 520 572 plano,
538 489 611 556 ideo
622 489 821 556 determinari
838 507 900 554 non
912 487 1015 573 potest
1030 507 1150 575 quanta

91 571 131 640 fit
158 573 247 655 juxta
270 569 403 650 Plinium
428 571 555 667 Alpium
575 571 753 654 excelsitas,
774 571 829 640 nili
852 571 938 656 prius
960 591 1000 638 co
1035 573 1151 638 tot-cri·

91 653 1148 806 amisissetisissisti.nisibinis·

380 787 387 802 ι
566 775 575 804 l
1100 815 1103 824 .
1133 783 1147 820 2

92 842 176 908 quos
189 819 228 886 ad
238 821 396 905 quatridui
413 821 473 885 iter
485 821 516 888 in
530 823 628 890 altum
643 821 770 907 surgere
785 824 892 907 ajunt,
914 821 1147 910 &quibuscum

89 925 133 972 co
240 920 285 980 tas
309 903 428 984 Alpes,
451 903 584 972 humiles
610 903 678 972 esse
697 903 782 972 casas
796 907 952 972 affirmant
991 905 1052 974 Sed
1075 923 1148 992 pto·

90 987 159 1056 feet
202 987 330 1054 nimium
347 1005 394 1054 ma
419 989 511 1056 nificb
533 989 573 1056 dc
592 987 658 1076 ‘suis
679 990 774 1056 rebus
799 991 973 1074 loquuntur
999 988 1146 1086 Hispani.

91 1071 176 1140 curn
201 1071 355 1156 quatridui
374 1007 551 1138 aitcerisum
569 1074 607 1140 iis
629 1073 771 1140 tribuunt
820 1073 911 1140 unius
938 1073 999 1139 diei
1032 1075 1147 1140 itincre

89 1157 231 1240 Alpibus
253 1151 449 1224 sublimiores
469 1155 601 1222 saciunt.
627 1155 756 1222 interim
804 1175 883 1222 onae
900 1157 1038 1224 torridae
1058 1173 1148 1224 mon·

91 1255 145 1308 tes
158 1238 285 1305 altiores
294 1225 360 1304 esse
375 1239 431 1318 iis,
451 1239 507 1324 qui
521 1240 550 1304 in
564 1239 746 1324 regionibus
762 1241 961 1325 temperatis,
977 1241 1008 1307 dt
1026 1243 1082 1308 hos
1098 1243 1145 1308 vi·

90 1323 191 1395 ciffim
212 1321 273 1392 illis
294 1321 348 1402 qui
371 1321 402 1387 in
424 1321 547 1408 frigidis
566 1323 635 1388 sunt
653 1323 772 1400 Zonis,
796 1319 936 1406 superius
955 1326 1143 1394 monuimus.

91 1403 260 1504 Quidquid
280 1403 335 1486 sit,
364 1402 620 1490 persuafisfimum
637 1407 740 1474 habco
761 1405 879 1472 nullum
897 1407 926 1470 in
950 1421 1022 1474 toto
1048 1424 1145 1474 terra·

89 1509 163 1558 rum
173 1489 250 1554 orbe
262 1485 330 1553 esse
344 1505 502 1567 montem,
517 1491 570 1572 qui
583 1491 677 1556 altior
688 1491 726 1557 stt
740 1489 854 1574 viginti
894 1507 1008 1560 uatuot
1021 1489 1143 1570 stadiis,

88 1589 147 1644 aut
170 1591 231 1638 una
257 1573 344 1638 leuca
364 1570 484 1638 horaria
502 1573 533 1640 in
554 1573 799 1659 perpendiculo:
839 1507 908 1657 mie
928 1572 982 1640 ille
1000 1573 1092 1640 Picus
1112 1573 1144 1640 in

89 1654 283 1734 Tenatiffa,
301 1656 356 1740 qui
379 1658 531 1722 montium
555 1657 719 1726 altissimus
740 1656 899 1734 creditur,
920 1656 1027 1723 triduo
1041 1673 1146 1724 tamen

86 1735 299 1809 adscenditur.
324 1737 459 1806 Valeant
475 1740 581 1825 itaque
603 1739 710 1810 insana
733 1739 784 1808 ilia
797 1741 889 1826 juga,
911 1759 991 1826 quae
1007 1741 1046 1806 ad
1069 1741 1148 1808 uici·

87 1825 175 1892 niam
195 1821 309 1890 lunaris
332 1841 430 1908 usque
452 1825 585 1906 circuli,
607 1823 694 1894 sadis
721 1825 843 1908 placet,
866 1825 1055 1906 producunt.
1100 1821 1148 1890 Ut

86 1911 127 1978 ad
151 1905 328 1990 Haemum,
350 1905 433 1973 unde
453 1907 577 1992 digressi
602 1906 726 1989 sumus,
748 1923 964 1988 revertamur,
986 1927 1048 1976 noo
1065 1923 1147 1992 puto

86 1991 246 2060 summum
262 1991 329 2076 ejus
349 1989 459 2076 jugum
475 1993 556 2058 ultra
572 1991 750 2059 octodecim
769 1989 862 2058 stadia
886 1989 1015 2071 attolli,
1034 2009 1143 2076 quarn·

86 2079 142 2144 vis
166 2073 284 2141 Plinius
303 2073 333 2142 dt
355 2093 393 2138 eat
408 2093 448 2142 eo
463 2073 643 2144 Marcianus
658 2073 711 2143 serr
725 2074 858 2144 millium
873 2073 1017 2160 passuum
1034 2075 1143 2142 altitu·

85 2159 200 2228 dinem
226 2159 256 2226 ei
278 2156 445 2242 adsignent.
491 2157 567 2226 Hoc
588 2157 610 2228 li
631 2178 742 2226 verum
763 2155 864 2236 esset,
895 2159 955 2242 jam
979 2171 1146 2243 oporteret

85 2243 271 2326 Philippum
294 2241 432 2326 Regem,
457 2242 512 2325 qui
533 2241 621 2308 illum
648 2244 753 2308 triduo
781 2239 984 2322 conscendit,
1015 2241 1059 2309 lin
1084 2243 1145 2308 ulis

85 2326 204 2394 diebus
226 2321 385 2392 emensum
404 2323 503 2392 fuisse
517 2326 546 2392 in
559 2326 641 2392 linea
658 2326 908 2422 perpendiculari
925 2328 988 2394 duo
1002 2261 1147 2410 pasiirum

86 2409 207 2490 millia,
226 2409 311 2496 quod
331 2406 426 2493 quim
442 2407 606 2478 absurdum
621 2411 657 2478 stt
678 2429 718 2476 ert
735 2407 917 2494 supradietis
933 2409 1006 2477 satis
1019 2409 1063 2479 est
1084 2427 1147 2478 ma·

86 2491 248 2562 oisellum.
305 2491 425 2560 Verirm
452 2495 528 2560 baec
545 2493 587 2560 de
609 2489 749 2580 suprema
776 2495 928 2560 montium
957 2495 1148 2574 altitudine,

86 2579 232 2648 breviter
250 2594 335 2644 nnnc
353 2575 437 2644 ditia
459 2573 635 2650 sufficiant.
654 2577 828 2646 accuratilrs
846 2579 1016 2661 aliquando
1035 2579 1148 2646 dehac

86 2661 237 2742 scripturi
255 2662 285 2726 in
313 2657 548 2748 dietenologitis
571 2659 695 2730 nostris.
736 2659 834 2728 Nunc
854 2661 1035 2728 adalteram
1056 2679 1151 2746 quae·

90 2744 204 2815 stionis
225 2761 344 2829 partem
362 2743 548 2822 veniamus,
568 2744 838 2820 &examinemus‚
860 2759 1010 2828 quantum
1029 2742 1148 2830 despa-

90 2829 176 2898 tium
197 2825 274 2894 illud
288 2827 480 2906 maximum,
501 2828 590 2914 quod
609 2828 640 2893 in
653 2825 816 2910 superficie
837 2825 971 2895 terrestri
990 2827 1074 2894 oculi
1090 2829 1146 2895 bu·

90 2909 179 2980 mani
204 2911 358 2980 betreficio
376 2909 575 2980 refractionis
595 2908 725 2998 possunt
746 2927 940 2996 percurrere.
985 2909 1094 2978 Picum
1116 2911 1147 2978 in

89 2993 257 3064 Temariffa
273 2991 357 3062 cons
375 2995 480 3064 icuuru
496 2995 565 3062 esse
583 2993 601 3062 i
618 2991 688 3062 sexa
711 2997 777 3060 inta
792 2995 890 3060 leucis
907 2992 1103 3061 Germanicis
1113 2993 1150 3062 ll·

89 3098 134 3146 ve
149 3075 294 3163 passuum
306 3015 449 3148 miiiibus
470 3088 584 3152 cenu‘.
606 3013 754 3176 omniims
773 3077 905 3175 constat.
948 3078 1146 3176 Aparlquo·

87 3181 156 3250 que
171 3161 343 3230 intervallo
362 3161 464 3229 Mons
482 3161 644 3243 Leonem,
666 3161 768 3230 Satrra
789 3161 889 3230 Laome
910 3165 1013 3228 nautis
1025 3163 1145 3242 dailos,

88 3249 122 3314 dt
141 3246 321 3332 complures
335 3247 466 3331 praealti
485 3247 516 3312 in
530 3247 606 3314 orbe
623 3263 746 3312 montes
763 3263 945 3314 cernuntur.
971 3242 1043 3312 Nos
1068 3265 1147 3331 quo·

88 3348 156 3416 que
168 3331 222 3417 ipsi
239 3347 348 3396 verum
364 3327 430 3397 esse
439 3332 651 3413 comperimus
666 3329 719 3410 id,
742 3329 827 3410 quod
844 3327 869 3395 F
873 3329 1031 3396 ranciscus
1046 3330 1147 3398 Patri·

87 3417 162 3482 cius
180 3429 284 3480 narrat
301 3414 342 3480 de
359 3413 519 3480 montibus
534 3413 679 3482 Corsicae
690 3410 825 3492 insulse,
847 3410 1024 3497 adparuisse
1038 3407 1147 3484 illosl

87 3497 234 3564 millibus
271 3492 391 3564 assuum
404 3500 558 3564 trecentis
574 3497 661 3580 iuxta
674 3513 859 3580 computum
874 3514 1046 3564 nautarum.
1081 3495 1147 3562 Ve-

107 3581 164 3648 lim
182 3583 222 3650 ab
282 3598 302 3646 c
322 3579 463 3649 mensura
485 3579 651 3650 auferenda
678 3579 813 3664 estpars
838 3581 969 3664 quinta,
997 3581 1146 3666 quoniam

87 3601 192 3732 irodie
206 3682 269 3734 tam
286 3682 419 3744 nautae,
440 3665 535 3752 qu'arn
546 3663 597 3731 alii
618 3661 687 3730 Itali
707 3665 877 3731 minoribus
893 3679 1021 3730 utuntur
1035 3666 1148 3734 millia·

86 3749 183 3816 ribus
199 3763 293 3834 atque
301 3747 458 3832 Veteres,
471 3767 514 3814 rra
527 3763 566 3816 ut
579 3764 715 3831 quatuor
729 3747 824 3812 millia
836 3743 979 3832 passuum
994 3749 1145 3834 componi

87 3833 231 3899 debeant
246 3849 317 3898 cum
335 3836 480 3918 quinque
497 3831 665 3912 bodiemis.
710 3831 903 3915 supererunt
919 3831 1024 3914 itaque
1037 3833 1078 3898 ab
1092 3831 1150 3900 bac

84 3915 211 3983 summa
234 3915 333 3996 millia
350 3915 532 3986 ducenta&
558 3911 784 4000 quadraginta,
807 3915 873 3984 sive
893 3913 1001 3986 leucae
1021 3911 1155 3984 Germa-

87 4001 184 4068 nicae
204 3997 379 4090 sexaginta.
400 3995 547 4070 Nimium
563 3997 602 4068 ab
627 3999 685 4150 habc'
699 3993 815 4066 surnma
838 3996 943 4070 aufem
968 3999 1106 4152 5αείὶίιὲ
1120 4005 1153 4074 in

697 4099 720 4148 V
739 4101 761 4168 3
1105 4107 1154 4152 Μ·
