2714 4534
229 231 298 288 nr
348 209 995 294 PRAEFATIONES.
1049 241 1145 314 1045

66 395 118 442 ert
135 373 263 459 optimis
287 372 466 459 quibusque
483 373 514 438 bt
531 373 741 442 celeberrimis
759 375 972 458 scriptoribus
993 397 1138 479 magnam

70 477 186 524 corum
203 473 322 541 partem
343 455 557 541 excerpserit,
588 476 668 542 qnae
685 457 837 541 ejusmodi
865 479 973 530 erant.
993 481 1026 528 ut
1041 469 1135 532 hdem

66 561 171 630 penes
182 540 368 608 uetustatem
384 541 471 621 esle,
496 541 664 606 sulcorum
676 541 785 609 testem
801 541 1059 612 essevetullatem
1076 547 1134 630 (uc

67 627 131 694 ille
152 625 251 703 dicit,
284 621 342 700 nist
356 620 398 702 fis
411 635 465 706 pro
481 619 551 706 teste
570 619 725 706 uetustus)
745 643 921 708 oporteret.
964 631 1017 696 Sic
1042 632 1133 698 iniis

72 727 159 795 quae
174 709 214 771 dc
229 705 445 791 Hyperboreis
455 705 584 788 scribit,
596 727 656 772 non
668 707 804 782 dubito,
819 711 892 792 quio
904 710 1129 779 Callimachum

66 793 153 878 (qui
167 792 197 858 in
209 787 269 856 suis
279 791 432 876 poemaus
442 793 555 872 quovis
570 791 631 856 alio
645 789 689 857 est
703 793 939 876 saraptana-apra)
956 797 1035 860 intes
1049 800 1128 864 alios

63 873 278 942 consuluerit.
319 873 358 940 In
383 870 516 952 Astarten
542 874 627 936 litore
648 873 817 959 (inquit)
833 880 925 958 primi
947 877 1131 962 Hyperborei
1167 891 1175 906 ³

56 962 158 1044 fltper
177 957 340 1043 aquilonem
364 957 425 1023 dte.
448 957 546 1023 Paulo
563 957 650 1042 poll.
675 955 719 1021 Et
740 961 856 1022 dinatius
879 981 966 1044 quom
984 965 1039 1026 uili
1057 985 1133 1027 nran-

69 1046 183 1108 ratium
206 1039 503 1112 &taurinantium
527 1039 719 1106 Paucisfimis
737 1043 845 1108 serbis
863 1045 1056 1128 interjellis,
1078 1050 1132 1112 So·

68 1131 135 1192 eris
155 1127 287 1210 operati,
307 1127 435 1188 maxime
450 1123 621 1210 Apollinis.-
647 1143 770 1207 qnantum
783 1129 938 1206 primitius
962 1127 1057 1194 Dalm
1077 1135 1132 1196 nri·

64 1209 139 1290 fisse
156 1210 244 1272 initio
255 1222 310 1292 per
328 1211 459 1292 uirgines
468 1207 569 1290 fisos,
587 1209 689 1271 deinde
702 1221 755 1290 per
766 1210 883 1292 populos
895 1258 905 1288 ,
919 1211 1045 1293 subinde
1067 1227 1130 1278 tro-

67 1298 171 1358 dentes
187 1291 399 1369 ulterioribus,
428 1292 490 1356 lite.
513 1291 589 1356 haec
609 1293 692 1356 enim
708 1293 811 1356 omniu
834 1294 926 1360 habet
947 1295 1130 1364 Callimachi

66 1379 100 1444 in
120 1375 235 1444 Delum
253 1375 394 1463 hymnus.
418 1371 514 1440 Libet
535 1389 645 1442 autem
666 1373 770 1440 obiter
791 1377 830 1440 de
843 1377 975 1461 quadam
991 1381 1128 1446 lestione
1217 1399 1221 1420 ·

67 1461 163 1544 hujus
178 1459 273 1524 ctiam
290 1462 441 1544 paginae.
472 1459 503 1524 tlt
532 1458 660 1544 quidem
686 1459 747 1523 loei
766 1461 820 1544 qui
845 1481 908 1528 non
932 1467 1041 1540 procul
1056 1466 1129 1530 hinc

65 1543 179 1622 abest,
200 1557 232 1609 tc
246 1539 528 1610 commonefacere.
551 1559 618 1606 narn
637 1541 690 1608 ubi
712 1543 807 1609 hahes
831 1543 870 1608 de
890 1545 1126 1630 Hyperboreis,

69 1629 117 1694 Et
134 1629 184 1691 uhi
199 1646 244 1692 eos
261 1625 515 1708 risendisatietos
539 1625 692 1711 magisque
714 1629 843 1690 taedium
864 1641 960 1710 cepit,
992 1629 1130 1712 scriben-

69 1715 148 1778 dum
172 1711 278 1794 potius
305 1729 344 1776 ex
370 1727 438 1774 vet.
475 1709 587 1788 libro,
608 1709 738 1790 satietas
759 1713 854 1794 magis
875 1731 964 1794 quom
990 1720 1128 1783 taedium.

71 1793 159 1880 quod
181 1811 243 1861 tam
257 1793 384 1878 proprie
400 1792 827 1877 tamque-eleganterdillnm
845 1795 908 1866 eli.
933 1813 967 1860 ut
981 1800 1057 1862 nihil
1076 1800 1127 1865 vel

68 1881 109 1946 ad
120 1875 266 1944 sermonis
283 1877 511 1962 proprietatem
523 1876 573 1939 vel
594 1875 632 1940 ad
642 1873 826 1960 elegantiam
842 1879 911 1944 addi
929 1882 1033 1960 panse.
1051 1880 1126 1950 Cae.

69 1979 174 2028 terum
190 1961 256 2043 (ut
271 1979 340 2026 mea
356 1959 439 2026 unde
460 1955 594 2044 digressa
612 1975 678 2024 etat
700 1977 879 2028 reiterentur
891 1963 1016 2042 oratio)
1038 1965 1070 2029 in
1087 1987 1127 2032 co

69 2047 157 2130 quod
176 2041 285 2112 scribit
312 2043 406 2126 paulo
428 2041 514 2128 post.
547 2039 714 2108 Amazones
731 2042 786 2124 sed
807 2063 880 2128 quas
905 2045 1129 2114 Sauromatidas

68 2129 242 2212 appellans,
272 2127 467 2213 prudentiam
484 2127 550 2208 ejus
566 2123 788 2211 perspicimus,
818 2130 870 2212 qui
888 2171 899 2204 ,
920 2129 996 2196 hacc
1013 2132 1130 2200 adden·

68 2215 134 2292 do,
156 2213 211 2296 ⁸[etl
247 2231 301 2276 uos
328 2211 550 2274 Sauromatidas
571 2209 741 2292 appellant,
760 2211 815 2276 libi
841 2213 970 2280 caverit.
994 2235 1064 2282 nom
1085 2219 1126 2284 de

67 2229 291 2364 AmazoniAus
302 2295 398 2360 multa
412 2289 678 2378 fabulosesctipta
691 2292 775 2366 esse.
788 2310 843 2364 aare
856 2293 961 2362 saltem
978 2297 1020 2362 ita
1030 2295 1128 2382 scrip·

69 2399 103 2446 ta
122 2397 156 2444 ut
174 2377 314 2445 sabulosa
331 2377 533 2455 viderentur,
554 2377 734 2456 quosdam,
755 2395 794 2442 ne
808 2377 905 2443 inisse
924 2383 1051 2458 quidem
1069 2403 1130 2452 un-

70 2481 166 2550 quatu
184 2463 385 2542 Amazones,
407 2457 617 2538 existimasse,
648 2460 677 2526 in
695 2477 830 2526 mentem
847 2463 891 2528 illi
913 2465 1074 2532 veniebat:
1096 2483 1129 2530 at

68 2545 317 2615 Sauromatidum
341 2543 506 2612 bl’latone
525 2563 654 2627 quoque
669 2546 857 2611 mentionem
872 2545 939 2612 fieri
960 2551 990 2612 in
1010 2569 1072 2614 uno
1089 2571 1129 2616 ert

69 2631 134 2697 suis
148 2629 238 2696 libris
256 2631 290 2694 dc
312 2629 463 2714 Legibus,
483 2645 628 2708 tanquam
653 2645 756 2692 carum
778 2629 946 2704 dequibus
961 2631 1044 2696 inter
1059 2653 1128 2696 om·

69 2735 126 2782 nes
147 2713 310 2780 consluret.
331 2731 425 2796 atque
441 2731 479 2775 ex
493 2711 617 2775 duobus
630 2711 695 2790 ejus
711 2709 787 2774 loeis
804 2728 880 2772 unus
896 2711 939 2775 cll
958 2729 1018 2797 pag
1051 2721 1126 2794 θοι.

67 2816 160 2866 oreae
175 2799 250 2862 edit.
273 2797 352 2862 alter
366 2814 436 2880 pag.
461 2799 532 2860 806.
555 2791 786 2888 Anquisdicet
802 2791 954 2939 quispiam
967 2796 983 2876 )
998 2797 1068 2861 alibi
1087 2801 1128 2864 A·

67 2899 238 2949 mazonum
258 2881 449 2946 mentionem
464 2875 563 2956 facit,
586 2894 650 2942 non
663 2875 799 2940 tardema
826 2874 933 2943 versos
955 2875 1125 2950 lubiorum

66 2964 319 3050 reprehensiones
333 2961 374 3028 se
389 2961 540 3026 muniens.
583 2957 650 3025 ltuo
670 2979 748 3024 uero
769 2953 800 3022 sc
817 2961 935 3037 tuunit,
958 2979 1053 3044 quum
1072 2967 1123 3032 nd·

66 3053 114 3114 dit
131 3059 349 3112 memorantur:
369 3046 544 3128 itidemque
563 3043 636 3108 olibi
656 3044 826 3109 tradrrntur.
872 3041 905 3110 ln
921 3047 983 3110 alio
999 3051 1125 3132 quidem

65 3133 206 3216 ejustlem
225 3133 295 3198 libri
318 3129 413 3204 loco.
443 3129 496 3214 qui
519 3127 678 3194 minimum
695 3124 712 3192 'a
728 3125 791 3192 fine
806 3125 909 3204 abest,
938 3149 997 3199 non
1015 3135 1123 3198 uidem
1174 3177 1178 3182 -

66 3218 135 3286 ullo
151 3215 203 3280 tali
227 3215 327 3281 verino
344 3215 466 3291 utitur,
497 3207 549 3276 sed
573 3211 615 3278 ibi
643 3229 769 3295 quoque
792 3213 831 3274 de
857 3214 1125 3282 Sauromatithhus

66 3319 139 3366 enm
162 3299 248 3384 loqui
265 3297 429 3366 ostendunt
447 3314 525 3380 quae
544 3293 690 3376 proxime
714 3293 912 3377 praecedunt.
955 3299 1053 3364 Simul
1072 3320 1125 3364 ve-

63 3405 120 3464 ru,
143 3401 235 3460 quam
258 3383 390 3466 diligens
416 3378 514 3446 fuerit
542 3379 573 3444 in
592 3377 812 3460 distinguendis
828 3380 866 3446 iis
884 3399 963 3456 qtrac
981 3384 1124 3468 plerique

64 3465 300 3546 confuderunt,
324 3464 375 3528 vcl
396 3482 433 3528 etr
450 3464 511 3529 hoc
528 3459 595 3547 ipso
607 3461 646 3526 tle
662 3461 873 3527 Amazonibus
890 3462 1032 3530 sermone
1046 3485 1122 3549 coq·

64 3547 236 3616 noscimus.
260 3567 327 3613 nam
346 3565 443 3632 aruum
459 3545 603 3612 nonnulli
622 3545 639 3624 (
649 3563 689 3609 ex
709 3545 824 3628 quibus
844 3545 889 3612 est
905 3549 998 3614 etiarn
1019 3550 1122 3618 Eusta-

13 3637 23 3655 “
66 3635 151 3700 thius
167 3635 201 3695 in
225 3628 428 3716 Dionysum)
458 3647 566 3697 truanes
592 3627 769 3694 Amazones
794 3629 858 3698 alio
876 3631 1001 3696 nomine
1025 3635 1121 3700 (licias

64 3718 296 3786 Sauromatidas
311 3715 454 3792 tradant,
473 3731 512 3778 ex
533 3711 595 3776 hoe
613 3711 660 3795 (h
674 3712 836 3778 attendere
857 3711 1018 3797 velimus)
1044 3737 1123 3802 quo.

62 3802 162 3866 modo
185 3818 237 3866 eas
251 3819 332 3884 quae
355 3795 584 3862 Sauromatides
604 3796 934 3879 cognominabantur,
956 3798 974 3864 b
995 3803 1127 3866 caeteris

62 3883 254 3972 tlislinguete
289 3897 457 3972 oporteat,
497 3875 663 4030 discczlps.
720 3879 996 3970 Quemadmodum
1021 3901 1125 4034 aristam
1204 3944 1208 3960 ,

624 3981 736 4050 vv3
1061 3983 1127 4037 uam
