2742 4544
188 243 268 322 An
296 239 465 320 rotat.
493 239 933 324 murnentanus
953 245 1026 324 rx.
1077 267 1151 353 ota

78 420 184 476 erant
199 407 230 474 ot
244 403 436 480 bellatores,
465 405 520 488 qui
541 401 655 469 iterum
665 397 891 472 dividebantur
904 407 935 475 in
953 407 1110 490 Calestrio
1124 413 1159 484 ot

75 491 305 576 Hermotplier.
351 487 395 556 Hi
416 485 509 574 spatsr
525 505 611 553 erant
625 488 655 553 in
679 489 786 554 varios
807 488 953 574 Nomos,
974 490 1028 559 seu
1045 499 1149 582 regio.

80 597 168 661 nes,
189 575 274 641 unde
284 571 535 658 colligebantur,
558 571 650 637 &ubi
663 571 846 640 habitabant
862 575 1151 664 interreliquosci·

78 681 145 728 ves
165 659 321 745 opifices,
343 673 397 722 aut
420 657 483 722 alio
496 656 582 720 vitae
600 673 715 740 genere
731 655 851 724 virtum
873 677 1077 744 quaerentes,
1094 665 1151 750 qui

80 745 191 830 longo
210 740 276 810 istic
293 743 408 824 majore
421 754 509 805 erant
524 757 667 806 numero.
705 739 815 825 Atque
836 741 916 808 adeo
935 760 971 810 ut
990 747 1067 812 olim
1087 747 1153 816 Ro·

83 845 164 896 mae
181 843 246 893 tres
265 825 367 892 tribus
379 823 549 910 explebant
564 821 715 920 militibus
726 869 747 920 ,ι
760 843 840 910 quos
854 825 994 911 lingulae
1007 828 1158 899 confere·

83 907 190 990 bant,
211 911 406 998 Legionem,
438 908 480 978 stc
495 906 564 972 fera
581 906 627 973 llll
648 901 747 974 Nomi
762 909 795 975 in
813 901 964 997 Aegypto
983 931 1024 981 ex
1038 911 1156 985 secun·

85 995 244 1066 siciebant
259 1009 443 1074 numerum,
465 991 519 1077 qui
530 991 769 1072 requirebatur,
793 993 827 1060 iu
840 1005 968 1063 ormnes
983 997 1078 1080 illos,
1097 999 1153 1068 seu

84 1077 229 1154 classes,
251 1077 439 1146 bellatorum
465 1074 653 1170 explendas,
680 1073 735 1172 nili
759 1075 846 1162 quod
871 1081 1055 1166 plerumque
1075 1085 1155 1152 haee

86 1163 232 1248 dignitas
254 1159 324 1229 istic
345 1157 428 1226 esset
443 1157 639 1227 hereditaria.
683 1157 766 1224 Vide
783 1157 986 1230 Herodotum
1006 1181 1054 1233 11.
1080 1175 1153 1251 164.

90 1257 168 1333 165.
194 1253 265 1314 166.
308 1241 399 1312 Nihil
412 1259 489 1326 ergo
502 1241 564 1309 hoc
579 1257 694 1310 nomen
714 1243 753 1309 acl
774 1243 936 1326 regionem
952 1264 1071 1318 certam
1085 1270 1157 1338 per.

88 1331 198 1410 tinet,
217 1327 303 1396 unde
323 1325 436 1395 ostium
448 1325 578 1410 aliquod
594 1321 662 1392 Nili
728 1323 790 1393 sset
809 1329 1025 1412 denominari,
1056 1351 1155 1419 atque

86 1411 217 1500 insuper
241 1409 412 1478 lltrt'ticum
428 1415 548 1506 magia,
569 1427 662 1494 quam
721 1407 886 1492 caelestum,
906 1428 960 1480 aut
979 1415 1154 1502 Sebennyti-

82 1515 241 1650 ‘latr‘
256 1485 1155 1731 {illelmifitilla,Tll‘lz’lllllll‘llz

85 1649 257 1752 speeloliua
296 1661 399 1731 abes?
422 1661 515 1730 Nihil
532 1663 674 1729 omnino.
718 1661 794 1730 Hoc
809 1664 892 1730 enim
910 1667 979 1750 ejus
995 1667 1041 1736 ell
1057 1632 1153 1756 {eoo-

84 1755 157 1902 {ll’r
177 1743 1153 1918 lllul‘atillelllllt‘lilllli‘lllreulum

87 1917 271 1999 cellarius,
294 1915 370 2002 qui,
394 1928 547 2000 quantum
567 1910 655 1996 scio,
679 1913 785 1980 locum
806 1913 888 1982 ltunc
904 1916 1031 2001 Melae,
1055 1923 1154 1990 medi.

85 2005 177 2071 cinae
195 2001 276 2067 adeo
291 1997 433 2084 indigum
454 2015 606 2079 nusquam
630 1997 751 2084 attigit.
773 1995 910 2066 Videant
928 2003 1094 2088 peritiores
1112 2025 1151 2077 an

83 2101 127 2153 ex
145 2084 272 2154 urbe&
290 2079 459 2168 metropoli
481 2076 663 2166 Pamphia,
707 2099 765 2147 uae
778 2101 822 2168 op
844 2099 961 2152 ortuno
974 2105 1062 2154 certe
1076 2091 1151 2160 loco

87 2173 170 2238 inter
190 2167 386 2238 Mendefium
402 2168 433 2234 ἅ
451 2164 641 2264 Taniticum
657 2103 771 2262 nalum
790 2100 929 2266 elfstan,
959 2171 1078 2255 aliquid
1094 2194 1151 2244 ex.

89 2256 205 2322 tricare
225 2252 350 2340 possint.
395 2249 468 2336 Ego
481 2247 670 2316 crediderim
684 2269 716 2315 tn
731 2251 949 2337 antiquissimo
964 2255 1027 2338 jam
1042 2274 1149 2328 exem-

86 2339 186 2428 plari,
214 2337 297 2402 unde
316 2333 434 2420 reliqua
451 2333 523 2400 dein
540 2329 612 2398 sunt
626 2331 802 2417 descripta,
832 2335 919 2421 quod
940 2339 1001 2406 hoc
1022 2337 1091 2425 ipso
1113 2346 1149 2414 in

86 2422 203 2507 Capite
221 2421 285 2505 jam
300 2418 445 2505 liquido,
467 2417 498 2483 ni
516 2413 633 2495 fallor,
653 2419 849 2485 documento
863 2421 1019 2504 probavi,
1040 2423 1147 2498 locum

88 2509 173 2573 hunc
187 2501 284 2570 luisse
305 2501 361 2568 vel
376 2499 514 2568 fortuito
526 2499 599 2566 casu
605 2501 668 2584 jam
681 2519 886 2588 corruptum,
911 2506 962 2572 vel
978 2513 1150 2593 temporit,
1247 2521 1250 2534 ·
1346 2517 1347 2526 ’

86 2607 141 2656 aut
168 2587 364 2672 scriptionis,
387 2586 480 2668 culpa
496 2583 716 2665 obscuratum,
738 2603 835 2670 atque
854 2587 926 2652 inde
946 2587 1085 2670 factum,
1109 2614 1147 2664 ut

86 2671 273 2761 posteriores
291 2671 364 2737 dein
381 2671 499 2753 pariter
513 2669 595 2734 hanc
610 2682 673 2734 tam
685 2667 849 2734 obscuram
871 2669 1038 2738 leelionem
1053 2676 1150 2747 etiam

85 2757 188 2841 magis
205 2757 245 2824 ab
263 2753 295 2822 se
319 2754 461 2820 vitiatam
480 2753 570 2817 nobis
590 2752 651 2832 iam
669 2752 853 2817 obtrudant.
899 2753 1024 2836 Operae
1045 2773 1149 2830 tamen

87 2839 226 2926 pretium
237 2841 314 2907 duxi
326 2837 484 2902 variantes
503 2834 772 2900 lectionesomnes
787 2833 874 2900 bona
888 2835 950 2903 fide
967 2856 1147 2925 exponere,

89 2939 144 3004 ut,
164 2921 185 2990 st
206 2925 259 3010 qui
273 2923 394 3000 velint,
416 2917 447 2986 oa
473 2917 609 3001 posunt,
630 2917 749 3002 ingenii
771 2915 818 2984 sui
840 2919 894 2986 hic
910 2925 1076 2992 exercendi
1090 2947 1146 3016 op-

85 3021 253 3095 portumm
271 3007 404 3075 babeant
423 3001 632 3072 occafionem.

514 3247 630 3330 Car.
667 3243 719 3330 X.

128 3511 150 3581 l,
197 3531 226 3581 1.
248 3509 301 3577 Aa
325 3505 458 3577 Rubrum
485 3527 568 3572 more
610 3503 745 3595 ertinet]
783 3509 936 3601 intelligit
960 3513 1151 3598 ciacconius

86 3619 149 3666 non
176 3599 347 3665 arabicum
366 3595 484 3670 smum,
513 3591 565 3659 sed
623 3611 820 3675 arctorum,
856 3602 942 3684 quod
966 3604 1049 3675 inter
1068 3610 1149 3682 linus

85 3681 244 3749 Perfioum
266 3682 299 3748 ὅτ
322 3680 495 3746 Arabicum
516 3681 621 3763 jacet,
652 3674 703 3743 seu
726 3679 809 3745 unde
831 3683 868 3771 hi
892 3686 976 3756 finus
994 3695 1149 3766 oriuntur.

89 3764 132 3834 Et
154 3787 264 3832 revera
283 3765 395 3832 Arabia
415 3763 480 3850 ipsa
497 3761 590 3844 longe
611 3763 773 3828 maximam
787 3782 912 3849 partem
936 3770 1026 3856 supra
1045 3777 1154 3849 Arabi·

88 3852 278 3922 rum‘finum
298 3849 343 3916 est
364 3849 440 3928 sita,
471 3846 502 3912 ἃ
529 3845 649 3912 Αυᾶοτ
670 3847 754 3913 hunc
773 3849 900 3918 videtur
922 3855 1150 3945 distingueret

86 3933 184 4002 Rubro
207 3935 296 4003 Mari
314 3931 395 4001 infra
413 3949 482 4000 tta.
508 3947 538 4014 7.
558 3947 640 3998 extr.
662 3931 693 3998 ἀ
716 3937 751 4002 8.
787 3936 856 4005 init.
879 3933 1078 4022 Neutiquam
1104 3963 1150 4016 ta·

82 4039 152 4091 men
168 4039 243 4090 cum
265 4011 576 4090 ciacconiomottos
594 4015 753 4099 dixerim
780 4020 836 4105 qui
857 4022 952 4092 etiam
978 4025 1153 4104 Arabicum

1010 4113 1153 4232 'finum
