2752 4538
221 195 319 276 rort
392 167 1095 282 'nenieaarorrtsr

216 349 399 438 stertentis
415 347 600 416 Vaticanam
620 346 844 412 bibliothecam
858 349 891 413 lh
906 349 1110 417 collationem
1134 351 1260 438 Josephi
1268 401 1286 438 r

215 457 310 520 qoam
334 435 567 508 inchoaverat,
597 427 766 496 taediosam
790 430 932 513 faceret,
959 435 1140 502 editionem
1170 437 1278 505 Fratre.

217 521 334 590 Sautlii
356 511 632 586 salmanticensem
659 514 726 578 anni
754 521 841 590 1598.
872 517 1013 582 contulit
1029 537 1105 586 eum
1123 518 1200 587 MS.
1229 543 1280 588 eo·

216 607 287 672 tb'ce
308 603 354 670 Pii
380 599 418 668 ll.
444 600 479 666 P.
499 598 548 664 Μ.
573 598 606 664 in
620 595 811 664 bibliotheca
827 598 920 665 Card.
942 598 1042 668 Chisi
1061 599 1174 670 mense
1191 601 1276 689 hirji>

215 703 434 754 erarocraxrv.
473 699 567 767 quam
590 680 797 775 posteamihi
820 682 960 748 donavit.
1011 685 1133 753 Tanto
1163 693 1274 772 gratior

215 772 294 839 haec
311 769 477 838 liberalitas
493 765 561 847 eius
574 765 650 830 mihi
662 761 746 843 furt,
763 768 848 845 quod
858 764 994 838 sciebam
1008 769 1072 836 fide
1088 771 1222 848 Rulnei‚
1235 778 1277 840 itr-

217 857 352 932 dullria,
373 851 532 916 alacritate
545 847 725 914 &onorius
745 849 804 916 siti
820 867 868 912 me
879 849 994 933 posse,
1011 873 1090 935 quas
1107 856 1205 920 dotes
1216 866 1276 939 eius

214 940 317 1005 multo
344 934 397 1000 usu
427 932 606 1015 perspedlas
635 931 796 996 habebam.
848 931 988 1022 Quodsi
1022 935 1092 1000 toti
1121 939 1192 1004 vira
1213 944 1279 1005 mei

215 1024 385 1105 quidquam
414 1019 522 1092 dolui,
553 1031 605 1079 aut
621 1015 746 1078 dolendi
762 1012 881 1078 causam
906 1017 1017 1096 habui3
1041 1024 1213 1088 enimvero
1232 1025 1281 1088 hos

218 1107 263 1172 ita
285 1120 420 1187 repente
442 1099 609 1166 subdullas
623 1098 653 1162 dt
669 1098 858 1182 reipublicae
878 1100 1044 1166 litterariae
1058 1123 1190 1184 ereptas
1208 1126 1280 1172 curn

215 1205 307 1259 tanto
336 1206 408 1252 meo
434 1182 587 1266 peculiari
614 1183 729 1248 damno
749 1183 901 1330 planxi&
927 1186 1070 1269 plangam
1098 1187 1279 1276 usquequo

215 1272 326 1340 licebit
341 1267 445 1336 rursus
461 1285 532 1332 eum
551 1283 590 1330 eo
607 1265 706 1359 ἱαῐηζίτ
768 1266 798 1330 lli
812 1283 873 1344 ego
892 1270 979 1350 qood
995 1289 1025 1335 rn
1041 1270 1156 1336 itinere
1168 1274 1278 1354 jucun·

216 1357 375 1423 dissimum
392 1351 530 1430 socium,
559 1351 593 1416 in
615 1349 752 1413 amicitia
770 1349 981 1416 fidelissimum
1000 1356 1131 1435 pestus,
1154 1358 1188 1422 in
1206 1355 1281 1423 Flo-

214 1439 333 1508 rentini
349 1434 545 1502 contubernii
564 1432 788 1499 necessitudine
808 1435 984 1513 optabilem
1004 1439 1229 1516 concordiam,
1251 1445 1278 1506 in

215 1526 344 1598 lludiis,
366 1539 445 1605 quae
460 1517 633 1584 incredibili
652 1519 763 1600 uigore
779 1518 894 1581 mentis
910 1518 942 1584 h
955 1521 1126 1586 acrimonia
1140 1527 1281 1607 comple·

216 1627 276 1676 xus
296 1621 381 1684 crat,
412 1604 584 1684 adjutorem
604 1597 694 1682 saepe
709 1598 1029 1683 perspicacissimum,
1057 1603 1179 1671 fruenti
1203 1611 1277 1674 mi'ni

215 1691 374 1774 quondam
388 1689 418 1752 dt
430 1683 635 1750 admiranti&
648 1683 775 1748 laetanti
786 1681 981 1766 exhibuerit,
1006 1689 1164 1770 acpostea
1183 1693 1278 1757 etiarn

216 1775 384 1842 donatione
400 1770 486 1835 istius
505 1767 621 1862 Melae·
629 1765 839 1850 prosequutus
853 1765 912 1848 sit,
936 1789 1019 1835 nunc
1041 1772 1233 1839 immortalis
1247 1779 1278 1842 dt

215 1857 406 1945 gratissimae
414 1851 639 1920 recordationis
653 1849 734 1916 hanc
743 1849 888 1918 tesseram
902 1871 1021 1936 ponere
1035 1855 1151 1932 debui,
1166 1857 1280 1924 testans

215 1963 277 2010 non
294 1939 404 2024 pirric,
428 1957 492 2003 non
505 1936 622 2001 debere
643 1937 822 2000 memoriam
836 1935 903 2015 eius
916 1936 1059 2004 incidere
1073 1942 1109 2006 in
1129 1940 1209 2006 hane
1226 1945 1280 2007 ab·

214 2027 420 2100 surditatem,
450 2020 534 2105 quast
560 2019 726 2103 Polycarpi
749 2018 778 2084 dt
800 2019 957 2086 Barnabae
972 2021 1130 2106 Epistulas
1145 2028 1278 2091 commi·

213 2110 349 2184 i'euetit3
370 2124 475 2188 neque
483 2104 590 2170 credet
600 2105 789 2182 quisquam,
812 2101 942 2170 simodo
953 2105 1137 2172 confideret
1149 2111 1276 2188 eum,a

214 2212 280 2276 quo
300 2190 353 2254 ista
370 2188 509 2251 narratio
531 2203 595 2252 tam
612 2186 742 2266 illepido
758 2203 830 2249 cum
849 2186 958 2268 lepore
970 2191 1098 2274 vulgata
1116 2192 1179 2262 eil..

259 2275 409 2339 Ceterum
434 2271 481 2334 hit
503 2285 565 2346 ego
586 2268 637 2332 vel
660 2269 852 2334 ornamentis
872 2269 1039 2338 instrudlus
1063 2275 1116 2340 vel
1146 2275 1277 2344 stimulis

216 2361 371 2428 excitatus
391 2352 478 2435 saepe
495 2352 615 2416 Melam
632 2349 772 2434 respexi,
800 2371 862 2418 non
881 2355 977 2420 modo
990 2375 1025 2422 ut
1047 2359 1138 2438 quod
1156 2361 1269 2428 millies

213 2445 371 2514 fecerum,
392 2437 559 2500 admirarer
580 2436 771 2514 praeclarum
790 2437 857 2516 ejus
870 2436 1036 2506 inventum
1049 2442 1080 2507 io
1100 2461 1274 2512 contexen-

215 2529 259 2594 do
273 2524 444 2589 ordinatim
467 2523 525 2582 hoc
544 2517 695 2601 congestu
718 2519 749 2584 dt
767 2523 1007 2586 enumeratione
1018 2525 1180 2593 nominum
1195 2529 1276 2592 infa-

215 2611 320 2677 cunda
336 2625 392 2691 per
409 2600 659 2688 quaesitisbnrum
670 2598 834 2665 facundiae
847 2604 981 2669 nitorem
998 2608 1192 2688 adornatam
1216 2610 1268 2678 sed

215 2698 309 2761 eriam
324 2739 332 2762 ,
353 2707 387 2753 ut
398 2707 477 2770 quae
492 2683 716 2750 adrninisttatio
730 2702 803 2752 eum
818 2685 856 2750 ad
867 2688 944 2752 haue
964 2707 1097 2756 aetatem
1108 2693 1267 2774 duxisset,

214 2777 366 2846 curiosius
388 2772 680 2837 arrirnaoverterero.
731 2768 843 2863 Quum
868 2771 948 2838 enim
974 2777 1118 2842 mortalis
1133 2780 1274 2843 conditio

213 2881 278 2929 nnn
289 2861 486 2942 permitteret
498 2896 507 2930 ,
520 2871 554 2917 ut
566 2853 725 2936 ingenium
734 2851 871 2935 ipfiusac
880 2853 1026 2922 facundia
1037 2857 1162 2944 semper
1173 2860 1273 2947 super·

213 2945 281 3012 esse
296 2943 350 3010 srbi
364 2939 487 3022 posstt3
510 2938 590 3000 bene
607 2937 742 3001 sentiens
755 2954 856 3002 tamen
874 2939 913 3001 de
925 2941 1130 3020 posteritate,
1152 2948 1213 3012 hoe
1229 2952 1277 3011 ui·

216 3047 270 3094 tae
289 3028 468 3105 mentisque
483 3020 836 3102 testimoniumreliquit
852 3039 907 3103 per
925 3023 1062 3099 litteras,
1084 3046 1164 3106 uuas
1178 3047 1273 3094 muta·

214 3114 243 3182 ri
263 3112 295 3176 dt
309 3109 429 3174 inverti
443 3105 592 3169 facillime
612 3101 704 3186 posse
720 3106 876 3169 nouimus.
917 3106 1014 3201 Quod
1032 3109 1053 3176 fi
1072 3113 1156 3177 ullus
1172 3115 1273 3197 Scrip-

217 3214 268 3264 tnt
282 3208 430 3275 expertus
452 3190 519 3268 eli,
549 3189 686 3274 inprimis
706 3184 813 3252 Melae
833 3186 906 3254 huie
924 3196 1060 3274 contigit
1080 3211 1148 3258 tum
1168 3216 1271 3280 quam·

214 3283 270 3346 diu
288 3297 337 3343 res
354 3274 500 3339 litteraria
520 3270 605 3338 stetit
620 3269 771 3353 scriptura
789 3273 820 3341 dt
838 3273 982 3353 calamis,
1001 3293 1067 3342 tum
1088 3279 1159 3358 poll
1176 3279 1269 3346 adfer.

213 3382 279 3431 tam
294 3359 413 3446 plumbi
428 3359 458 3420 dt
476 3357 642 3440 praelorun
659 3351 847 3420 industriam.
886 3357 1028 3426 Accesht
1046 3360 1166 3432 deinde
1182 3363 1270 3430 causa

215 3450 298 3521 loci,
324 3448 354 3508 irr
370 3462 434 3526 quo
446 3439 607 3531 postquam
622 3439 757 3520 pouirne
772 3438 993 3520 permiseram,
1012 3445 1089 3510 nihil
1108 3449 1271 3513 vindicare

215 3533 290 3599 milri
314 3529 398 3591 omni
419 3521 484 3590 nisu
501 3524 712 3595 conlittuens,
734 3539 825 3604 quam
853 3543 887 3588 ut
906 3525 1000 3590 decus
1020 3530 1229 3614 undecunque
1243 3534 1270 3596 ei

214 3611 418 3684 arcesserem,
441 3625 536 3690 quom
553 3601 618 3688 ipse
634 3621 796 3687 praetexto
809 3606 826 3688 (
836 3607 856 3673 sr
869 3608 1053 3690 quodsuit)
1073 3617 1142 3695 ejus
1156 3635 1270 3699 nequa.

213 3717 304 3782 qoam
322 3695 467 3778 egerent,
488 3692 525 3754 ad
546 3688 666 3754 blesam
683 3707 812 3770 quoque
830 3691 980 3766 accedere
994 3694 1099 3761 debui.

257 3780 356 3860 Cujus
373 3773 483 3840 edendi
502 3792 583 3838 eura
593 3774 695 3838 ionem
710 3791 807 3855 quum
827 3776 905 3840 adeo
918 3776 983 3842 sine
1002 3777 1110 3848 allutia
1137 3778 1273 3865 suscipe-

212 3883 279 3934 tem
289 3909 301 3944 ,
322 3879 355 3927 ut
371 3871 480 3944 aperte
499 3858 574 3941 quid
589 3873 715 3942 agerem
733 3873 855 3956 pateret
869 3899 883 3938 ,
899 3859 932 3930 dt
947 3861 1000 3944 qui
1017 3879 1105 3948 meus
1120 3866 1173 4017 trs}i
1184 3885 1277 4015 mos,

353 3964 357 3972 ·
1176 3967 1267 4034 mpr-
