2716 4552
305 191 990 286 PRAEFATIO.

116 367 226 456 endo
240 367 449 456 Paternam
469 370 683 454 editionem
702 371 857 456 secutus
874 375 982 474 flam,
1012 379 1082 472 aiii
1103 385 1175 470 nbi

118 483 365 566 venustiores
394 507 442 562 ac
461 481 668 564 nitidiores
684 483 868 569 codicum
891 489 1010 572 MSS.
1033 491 1170 580 lediio-

116 619 187 678 nes
206 617 267 677 me
292 595 373 674 abb
395 609 611 675 vocarent:
648 593 771 697 idque
788 597 886 678 locis
917 601 1047 682 everrit
1064 605 1167 688 haud

115 711 275 812 paucis,
292 705 471 812 pluribus
499 702 718 798 evenisset,
740 704 979 793 sriiriiiione
992 714 1080 817 jure
1095 742 1173 800 vo-

112 817 354 908 luissemuti,
368 811 702 918 quemadmodum
712 813 889 902 facil‘oex
900 822 1168 910 notismnsta·

117 927 196 1006 bit
227 923 326 1007 Odo
339 943 475 1006 autern
491 917 705 1005 Codicibus
713 923 838 1009 MSS.
853 927 943 1036 usur
962 929 1020 1012 fur·
1030 987 1045 1030 ,
1065 959 1165 1040 quo

122 1062 207 1118 rum
221 1037 364 1144 septem
373 1037 469 1118 mihi
481 1031 789 1118 subministravit
797 1037 1166 1152 BibliothecaLug.

121 1148 427 1240 duno-batava,
457 1147 569 1250 cujus
586 1169 680 1226 cura
697 1148 1057 1254 asplendidisiimia
1072 1155 1164 1240 hir>

115 1257 384 1362 {irissrmisque
412 1253 646 1338 Academiae
664 1257 963 1358 ,Curatoribus,
1001 1264 1040 1344 dr
1064 1267 1163 1350 hm.

111 1367 289 1473 piissrmr's
306 1367 637 1470 Gravissimisque
652 1367 833 1450 Civitatis
851 1369 1160 1474 hagono-Ba-

115 1497 220 1558 tavae
238 1477 500 1572 Consulibus,
527 1477 621 1557 mihi
640 1477 868 1560 demandata
890 1479 960 1562 est.
1000 1483 1157 1570 Horum

111 1592 274 1693 primurn
297 1593 340 1674 in
367 1588 503 1668 charta
532 1607 751 1682 exaratum,
782 1604 901 1694 atque
920 1593 1022 1676 inter
1039 1595 1158 1676 Cod'.

107 1721 170 1780 ces
191 1700 358 1783 Latinos
379 1699 502 1779 Mss.
527 1698 703 1804 ejusdem
730 1697 1002 1784 Bibliothecae
1032 1704 1159 1790 adser-

105 1827 270 1908 vatum,
309 1805 547 1891 Leidensem
572 1809 739 1892 innotis
765 1812 981 1917 appellavi3
1020 1815 1156 1901 secun·

106 1919 229 2016 dum,
270 1921 460 2013 tertium,
502 1935 715 2023 quartum,
754 1925 967 2025 quiritum,
1001 1925 1040 2008 dr
1071 1926 1157 2010 sex·

105 2047 213 2122 turn,
240 2055 409 2135 quorum
438 2030 519 2114 duo
540 2029 697 2134 quidem
716 2032 935 2126 chartacei,
954 2053 1031 2117 tres
1053 2061 1153 2124 vero

105 2143 413 2236 membranacei,
442 2137 644 2222 codicibus
671 2141 844 2238 Latinis,
875 2148 946 2248 qui
969 2147 1063 2230 ob'm
1088 2149 1150 2232 Cb

105 2251 184 2334 Viri
208 2253 327 2335 Iibaci
353 2250 486 2333 Voasri
511 2248 703 2345 fuerunt,
739 2252 1063 2354 adnumerantur,
1090 2261 1157 2344 iia-

102 2365 187 2446 dem
210 2365 386 2449 numeris
415 2360 601 2458 distinxi,
638 2363 782 2466 quibus
812 2365 902 2444 iilos
930 2363 1154 2474 designave.

101 2493 157 2558 rat
182 2474 241 2556 Cl.
269 2475 526 2564 Perizonius,
554 2473 665 2580 cujus
684 2475 822 2556 ultima
841 2477 1048 2560 voiuntate
1070 2479 1155 2587 iep-

103 2591 238 2680 rinus,
267 2583 456 2688 idemque
481 2583 733 2679 chartaceus,
771 2607 861 2668 cum
887 2587 1026 2696 indigni
1055 2593 1151 2672 alio-

101 2723 184 2779 rurn
210 2697 333 2780 MSS.
365 2693 560 2774 Codicum
593 2699 703 2802 copia
734 2697 775 2778 in
805 2695 966 2780 eandem
1000 2699 1153 2784 iiiblio-

100 2812 249 2890 thecam
296 2807 496 2911 pervenit.
569 2805 767 2892 Odiavum
810 2809 1150 2894 membranaceum

101 2917 249 3000 Parenti
266 2941 358 3000 meo
376 2916 472 2998 olim
490 2918 653 3002 donavit
670 2915 745 2998 Vir
761 2919 1047 3016 Politissrmus,
1076 2922 1152 3003 Pe-

99 3053 180 3112 trus
208 3029 423 3132 Deinotus.
478 3027 640 3135 Insuper
656 3027 814 3135 adjutus
835 3027 895 3111 firi
911 3032 1152 3116 variantibus

98 3139 332 3221 iedbionibus
346 3140 463 3220 trium
478 3141 673 3230 Codicum
686 3137 807 3224 MSS.
821 3137 1149 3234 Mediolanensrs,

100 3250 269 3333 Chifiani
300 3268 422 3356 atque
447 3249 648 3352 Gudiani,
684 3277 853 3357 quorum
883 3271 962 3354 opo
986 3251 1149 3354 plurima

95 3367 175 3443 ioca
197 3365 240 3448 in
257 3363 459 3472 integrum
479 3367 645 3458 restituit
667 3365 834 3454 Parent,
864 3361 930 3463 qui
948 3357 996 3440 de
1012 3361 1149 3445 iisdem

95 3477 166 3578 enit
188 3477 229 3554 in
245 3474 496 3560 Praefatione
530 3501 590 3564 11,
649 3475 713 3556 Ex
739 3471 844 3562 hisce
871 3470 1051 3574 undecim
1070 3473 1151 3558 Co·

94 3587 241 3666 ditibus
276 3583 452 3692 reliquos
489 3589 609 3693 longe
644 3583 732 3692 post
771 3602 876 3690 terga
895 3582 898 3591 ’
919 3583 1148 3687 relinquunt

98 3701 238 3800 primus
259 3697 506 3795 Vossianus,
532 3699 601 3801 qui
617 3692 1018 3787 aCiarissrmisViris,
1042 3692 1147 3778 Vna·

98 3810 146 3888 iro
166 3809 208 3888 dr
232 3811 470 3908 herbonio,
503 3825 686 3916 tanquam
703 3809 877 3894 omnium
895 3803 1013 3888 MSS.
1034 3829 1147 3912 preo-

96 3918 346 4008 diutissimus
382 3925 527 4008 merito
560 3919 768 4081 laudatur,
806 3935 922 4022 atque
950 3907 1146 3998 Mediola-

694 4053 721 4128 4
1050 4047 1145 4110 neu·
