2752 4538
217 171 1163 318 ssesssrartouustmt

87 389 217 468 ‹strepta
248 386 380 454 subinde
405 387 552 452 renovati
583 385 759 452 debuerint.
804 387 923 456 Eadem
944 391 1005 458 boc
1028 415 1158 483 quoque

88 489 237 554 ternpore
251 491 353 536 novae
367 469 516 536 editionis
535 467 705 556 auspicium
721 469 784 536 suit
801 471 832 538 ἀ
851 473 1036 543 hortamen?
1067 477 1154 549 Nam

86 574 187 638 quum
205 555 236 620 dt
251 555 363 620 caritas
384 553 538 619 &raritas
558 555 803 639 exemplarium,
825 559 994 643 praecipue
1014 559 1152 632 sandius

84 639 342 718 emendatorum,
366 635 482 702 summa
498 634 599 714 esset,
629 635 881 724 fatigareturque
903 643 1074 711 multorum
1093 665 1152 732 pe*

85 723 257 788 titionibus
272 723 322 788 ltic
336 720 369 786 T
395 721 590 804 pograpbus,
608 717 710 787 sessus
721 721 844 788 tandem
865 723 1087 812 circumspexit
1101 749 1150 796 re.

84 806 244 880 medium,
265 807 350 872 &ad
372 742 580 887 s’omponium
604 802 708 870 rursus
726 807 835 892 praelo
857 804 1084 892 subjiciendum
1101 815 1150 879 vi·

84 907 141 956 res
161 887 227 954 suas
242 887 389 955 contulit.
434 887 465 954 ls
483 905 560 970 crgo
581 903 615 951 ut
637 888 740 955 exiret
751 891 1039 974 commodissimus,
1063 915 1150 966 coru·

83 973 213 1039 modiot
226 989 313 1038 certe
340 989 431 1057 quam
447 989 557 1036 omnes
574 971 711 1054 priores,
732 991 807 1038 cura
825 973 856 1039 dt
873 973 1018 1043 industria
1034 996 1148 1063 quanta

84 1057 156 1125 fieri
174 1057 301 1138 potuit,
320 1054 534 1138 providimus,
560 1055 607 1118 vel
620 1057 762 1122 cauendo
777 1055 795 1122 a
810 1060 929 1123 mendis
944 1076 979 1144 ty
1002 1066 1148 1144 ogtnpht.

85 1144 151 1219 eis,
174 1139 288 1222 quibus
304 1139 424 1206 affatim
444 1135 542 1204 densis
560 1139 590 1202 dt
607 1135 678 1204 sanc
692 1139 874 1204 enormibus
891 1080 1061 1210 macufatae
1074 1145 1146 1212 sunt

85 1225 154 1306 ejus
178 1241 245 1289 tum
268 1243 395 1300 omnes,
425 1237 491 1285 tum
517 1220 588 1286 sane
603 1223 695 1286 ctiam
719 1222 880 1290 novissima
903 1224 1026 1306 editio,
1048 1248 1145 1312 quum

84 1311 118 1375 in
139 1306 195 1372 bac
212 1305 332 1374 fiunam
348 1309 380 1372 in
396 1305 638 1374 fincindicatam
656 1307 851 1383 correxeris,
874 1309 927 1374 virt
939 1311 1028 1374 aliam
1042 1331 1147 1396 tepet.

85 1407 155 1455 tum
173 1391 208 1454 iri
227 1389 436 1468 confidamus3
468 1389 519 1452 vel
536 1387 768 1454 distinslionum
787 1407 929 1456 accurata
944 1392 1084 1460 habenda
1101 1415 1148 1462 ta·

86 1475 194 1553 tione,
217 1472 267 1538 vel
286 1471 392 1538 indict
411 1472 597 1538 concinnius
619 1469 803 1546 formando,
827 1473 881 1558 qui
898 1477 1024 1558 quidem
1040 1477 1143 1546 futilis

85 1560 119 1625 sc
138 1557 335 1622 ridiculus&
357 1555 454 1621 falsart
474 1556 566 1619 etiam
596 1553 692 1632 vulto
713 1555 886 1622 annectitur
904 1560 941 1622 ad
965 1561 1026 1626 boc
1044 1579 1145 1644 usque

83 1657 223 1726 tempus.
267 1641 368 1706 Porro
382 1639 468 1738 quod
483 1640 520 1704 ad
536 1637 627 1721 ipsus
642 1639 749 1720 scripti
764 1641 991 1709 comestionem
1006 1646 1141 1726 attinet,

86 1745 150 1792 non
165 1724 327 1807 potuitne
342 1722 663 1871 deliberatiupuidem
678 1721 792 1788 institui
808 1767 818 1798 ,
839 1725 876 1790 ad
891 1723 978 1806 cujus
995 1726 1145 1796 editionis

84 1807 262 1894 exemplum
278 1807 364 1890 erigi
384 1807 514 1872 eandem
550 1823 620 1872 oret
635 1804 906 1874 consultissimum·
951 1809 1043 1876 Adeo
1061 1811 1153 1898 priog

85 1913 137 1958 res
154 1909 216 1958 non
235 1889 356 1957 Melam
374 1887 648 1974 cognoscendum,
678 1887 730 1954 sed
751 1890 911 1956 libidinem
928 1893 1009 1976 genii
1036 1897 1143 1978 potius

84 1975 131 2042 sui
149 1973 336 2041 Lettotsuus
355 1977 561 2058 impegerunt.
607 1972 667 2037 dlii
688 1975 828 2038 noudum
848 1977 982 2056 praediti
999 1975 1036 2042 iis
1053 1977 1141 2046 Geo-

81 2059 229 2144 graphiae
254 2059 402 2142 antiquae
430 2056 671 2134 instrumentis,
700 2055 812 2136 quibus
834 2055 1020 2143 posteriores
1046 2081 1143 2131 annos

81 2143 226 2211 fauslitas
238 2141 523 2226 publicadonavit,
538 2139 653 2206 &inde
663 2139 864 2220 audaciores,
880 2161 944 2211 nott
959 2143 1143 2214 dubitarunt

83 2231 115 2294 in
134 2225 257 2293 urbium
272 2229 476 2310 locorumque
485 2223 748 2308 appellationibus
757 2223 868 2307 passim
879 2221 1049 2310 subjicere,
1062 2249 1143 2313 quae

81 2309 155 2406 ipss
179 2309 305 2376 aliunde
329 2325 403 2374 nota
427 2323 503 2374 crat.
557 2307 619 2373 Alii
641 2305 828 2376 brevitatem
853 2311 1005 2392 quandam
1027 2311 1060 2376 in
1081 2318 1142 2378 stoc

83 2397 207 2478 scripto
228 2391 374 2460 summam
395 2391 424 2458 dt
442 2394 523 2457 male
540 2389 706 2475 spectatam
734 2387 957 2477 supponentes,
982 2413 1143 2478 amputare

84 2481 116 2546 dt
136 2478 294 2562 abjicere,
318 2477 483 2562 quaeipsis
506 2495 612 2556 parunt
634 2429 887 2554 allubescebant,
908 2476 1146 2546 &videbantur

83 2561 317 2647 quodammodo
332 2557 440 2625 abesse
462 2556 574 2642 posse,
596 2557 650 2624 etit
671 2557 826 2626 verissima
843 2559 873 2624 dt
888 2575 1000 2625 contra
1013 2581 1142 2628 omnem

83 2647 321 2724 attsloritatem,
354 2641 571 2709 sustinuerunt.
625 2642 689 2706 llts
710 2660 789 2724 ergo
807 2639 871 2710 fuit
895 2659 986 2724 quant
1008 2647 1142 2710 martinse

83 2727 274 2808 necessaria,
298 2727 378 2792 utin
400 2745 462 2791 tam
482 2723 642 2791 temeraria
665 2740 844 2808 magnorum
863 2723 1020 2790 bominum
1043 2728 1141 2794 ballu-

16 2881 21 2894 ,
83 2813 243 2878 cinatione
263 2812 375 2888 aliquis
397 2809 552 2876 formatus
570 2825 628 2884 ea,
655 2823 735 2886 quac
754 2806 814 2872 buc
835 2804 994 2872 desiderari
1014 2809 1139 2894 potest,

79 2897 282 2984 peritiorum
305 2891 548 2978 Geugrapbiae,
577 2907 644 2958 tum
668 2887 800 2954 Latinae
816 2889 963 2974 linguae,
985 2894 1141 2974 codices,

81 2981 191 3064 quales
215 3001 253 3045 en
269 2978 422 3044 vetustate
447 2977 585 3058 reliquos
602 2974 718 3038 babere
736 2969 920 3056 possumus,
943 2973 1136 3060 inspiceret,

78 3067 242 3144 erigeret,
267 3063 297 3130 Gt
319 3061 392 3126 inde
408 3059 526 3126 Melam
547 3057 628 3144 quast
649 3071 867 3141 regeneraret,
889 3058 982 3126 etiam
1004 3077 1044 3124 cx
1066 3079 1142 3128 con·

80 3149 267 3230 templandis
290 3145 398 3216 vitiis,
431 3163 511 3230 quae
532 3145 562 3208 in
587 3141 633 3208 cis
655 3141 826 3221 antiquitus
848 3141 1058 3210 inoleverant.
1103 3145 1138 3212 ld

81 3235 175 3298 unice
191 3229 341 3316 praestitit
358 3227 417 3294 Vir
430 3224 586 3294 clarissimi
604 3225 751 3308 perbona
766 3223 863 3290 studia
878 3226 1012 3291 nominis
1023 3245 1059 3291 ac
1073 3247 1137 3294 me-

79 3317 134 3382 riti
147 3313 264 3380 isaacus
277 3313 424 3391 Vosfius‚
447 3311 654 3394 &propterea
665 3309 802 3374 libentes
814 3305 949 3372 fatemur
964 3310 1041 3375 banc
1056 3331 1138 3394 quo.

80 3419 146 3486 que
167 3399 340 3464 editionem
362 3395 529 3480 plurimum
549 3399 577 3459 ei
598 3393 722 3458 debera.
765 3387 848 3474 lpsas
865 3390 1001 3488 ejusdem
1018 3391 1137 3461 Obser·
1165 3427 1169 3434 ·

78 3485 219 3550 vationes
236 3479 402 3562 quominus
421 3478 641 3563 Tspograpbo
659 3475 804 3540 austures
823 3475 977 3540 iuertnsus
995 3491 1030 3538 ut
1045 3497 1136 3546 renu-

79 3585 191 3646 varet,
225 3563 331 3629 causas
348 3563 508 3630 babuimus
532 3563 562 3626 dt
586 3559 823 3624 tnultasdttton
849 3561 946 3623 leves.
990 3557 1134 3628 Praeter·
1205 3599 1213 3614 ‹

79 3669 173 3732 quam
190 3651 272 3714 enim
291 3647 376 3730 quod
398 3647 517 3710 animus
529 3643 653 3709 ferebat
673 3644 734 3706 tale
752 3642 814 3706 boc
831 3660 946 3726 corpus
959 3640 1046 3720 fieti,
1067 3664 1134 3730 qun

77 3735 175 3802 facile
197 3733 228 3798 dt
241 3731 385 3798 habiliter
394 3729 464 3809 quis
478 3743 638 3806 uteretur;
662 3741 729 3792 turn
743 3742 972 3808 magnaeanum
990 3743 1059 3809 pars
1072 3749 1137 3799 nnn

76 3817 257 3894 Pomponio
277 3813 495 3898 impenditur,
517 3809 568 3875 sed
589 3809 660 3875 altbi
683 3824 857 3891 occupata,
877 3809 1066 3893 plerumque
1084 3833 1138 3878 att·
1188 3833 1191 3841 ’

50 3971 53 3980 ,
77 3902 157 3976 serti
170 3899 203 3970 se
223 3901 342 3986 pptitut
356 3895 396 3964 ad
413 3894 615 3980 increpandas
633 3893 770 3959 Salmasti
785 3889 804 3970 s
814 3909 880 3984 quo
892 3893 947 3978 qui
969 3893 1058 3980 plura
1087 3914 1147 3980 tnta,

638 3975 700 4046 Xx
723 3993 786 4059 x3
1029 3979 1144 4048 decue·
