2766 4554
225 235 299 320 nn
322 233 470 318 ionic.
497 237 699 318 metam
724 225 803 320 tit
819 241 866 320 rt
889 241 974 324 cn.
991 245 1039 323 rr.
1101 253 1176 344 σῃ
1222 209 1226 216 ’

112 396 257 492 Quodsi
276 399 331 482 qni
344 399 539 488 aiiinquin
550 421 606 490 per
620 401 838 472 retraeioien
851 403 920 474 lieri
936 405 1030 491 poase
1039 423 1175 494 putent,
1225 409 1228 416 ’

112 485 276 558 ollendant
296 483 327 552 dt
350 485 411 550 viti
433 483 533 553 sunto.
574 485 625 554 Eit
644 485 826 570 supradiciia
841 487 913 556 satia
927 509 1056 576 apparet
1073 511 1173 574 quan·

114 569 187 638 rbni
201 568 332 634 errarint
357 567 489 654 insignea
504 570 594 638 multi
619 571 709 654 nujus
733 569 828 640 seculi
851 571 1093 654 Mathematici,
1116 575 1169 655 oui

116 668 182 720 tain
203 649 419 738 portentosam
444 656 608 720 montibus
631 655 815 736 qmbusdam
837 657 1037 725 altitudinem
1053 655 1169 726 adscri-

112 737 215 836 bunt,
235 751 270 831 ut
294 732 436 830 Caucaso
454 733 744 823 septingentorum,
769 738 890 806 Atlioni
912 740 992 806 verb
1015 744 1171 827 quinqua-

112 817 515 1001 stliillllllllslll
529 825 671 1004 illlis-l
686 824 966 1004 littlltllli
983 825 1170 996 dialis.

111 1007 184 1056 mua
197 985 262 1065 est,
284 1003 385 1054 minus
400 987 508 1052 triduo
524 985 732 1056 adscenditur.
771 991 803 1057 Si
822 1007 928 1075 itaque
941 993 1058 1059 moniis
1077 993 1170 1076 bujua

112 1067 370 1159 perpendiculum
382 1067 467 1136 foret
486 1067 756 1156 septingentorum
765 1073 887 1140 milium
899 1075 1061 1160 passuum,
1073 1095 1169 1162 opot-

113 1171 196 1222 teret
212 1167 248 1219 ut
262 1153 359 1219 bomo
373 1151 497 1238 singulis
518 1153 626 1220 diebus
647 1153 797 1222 cnitcndo
820 1155 938 1226 sursum
959 1175 1079 1226 tantum
1158 1197 1169 1211 -

113 1253 254 1304 curreret
268 1233 423 1334 spatium,
446 1253 599 1322 quantum
615 1239 844 1320 perniciafiniua
857 1261 958 1328 equus
970 1261 1010 1309 ne
1023 1243 1055 1310 in
1095 1179 1166 1312 pigo

113 1321 243 1408 quidem
261 1321 368 1388 triduo
390 1337 443 1386 aut
461 1321 634 1406 quatriduo
655 1321 751 1408 possit
767 1325 943 1403 pervolare.
988 1259 1095 1394 &dg
1113 1327 1167 1394 illa

138 1424 196 1472 uae
215 1403 336 1472 Atheni
359 1403 511 1500 tribuitur
526 1403 685 1480 altitudo.
705 1407 783 1472 licet
801 1407 995 1476 moderatior
1010 1409 1112 1495 multo
1128 1409 1168 1478 lit

107 1489 121 1556 i'
179 1489 297 1568 altera,
319 1487 451 1554 ridicula
465 1505 568 1555 tamen
585 1487 630 1554 esl
646 1487 678 1556 dt
696 1485 849 1568 absurda,
868 1491 940 1558 clini
963 1510 1003 1558 eir
1017 1487 1167 1560 adscensu

109 1573 258 1656 adpareat
271 1569 358 1638 illum
374 1589 413 1638 nc
430 1571 605 1670 vicesimam
622 1573 749 1658 quidem
769 1573 859 1658 bujua
871 1573 1033 1642 mensurae
1045 1591 1166 1674 partem

107 1673 268 1839 aermnae&
290 1653 497 1836 tgugpndincsg
509 1651 1037 1842 assvffglegpagtbggffimpgigpggme:
1049 1677 1166 1812 sssssshffi

109 1823 216 1892 videri
234 1843 276 1891 ex
298 1819 364 1908 ipsa
390 1841 519 1909 quoque
543 1822 634 1892 Aliae
656 1841 858 1904 continente,
881 1825 973 1912 longe
993 1843 1165 1910 etiamnum

104 1905 312 1976 excelsiorem
327 1907 536 1992 proculdubio
550 1905 721 1976 finxissent.
764 1905 858 1976 Clare
875 1911 958 1980 enim
971 1909 1166 1996 conspicitur

106 1991 239 2070 Athoa,
256 1991 329 2059 clini
349 1993 479 2059 coelum
502 1989 547 2059 est
563 1988 725 2088 serenum,
745 2010 784 2056 ex
803 1991 1059 2080 Hellesponto&
1079 1993 1163 2064 Asia·

104 2077 176 2144 tioo
200 2073 314 2158 litore,
337 2075 440 2142 inulto
463 2092 569 2142 autern
588 2073 701 2140 clarilia
721 2093 762 2141 ex
785 2073 839 2142 lda
861 2093 981 2146 monte.
1057 2075 1162 2148 ubdli

102 2157 267 2230 fabulosae
285 2157 345 2228 sint
365 2155 454 2226 sacer
478 2157 552 2226 istae
578 2157 858 2256 Agamemnoniae,
887 2179 963 2246 quaa
987 2161 1017 2230 A
1069 2161 1163 2252 hylus

106 2259 261 2312 memorat
286 2241 552 2331 Clytaemnestrae
572 2239 671 2308 fuisse
693 2259 816 2308 nuntias
840 2239 960 2328 Troiae
977 2263 1112 2332 captae,
1138 2245 1159 2313 a

103 2327 207 2412 Troia
223 2325 381 2418 Mycenae
395 2346 431 2394 us
455 2345 514 2410 ue3
535 2323 646 2394 saltem
659 2341 781 2394 certum
791 2323 837 2394 est
852 2345 943 2396 veras
956 2327 1026 2396 csse
1038 2329 1161 2420 potuit·

102 2411 162 2510 sea
180 2411 252 2511 clim
272 2409 358 2478 facea
379 2410 410 2476 iii
432 2345 488 2477 sua
505 2407 653 2478 accensae
666 2409 763 2478 facile
785 2407 907 2510 possint
925 2413 1026 2513 videri
1044 2415 1083 2482 ab
1099 2414 1161 2494 iia,

106 2517 162 2584 qui
180 2516 212 2562 in
228 2493 348 2564 summo
362 2493 493 2562 Athone
508 2492 693 2572 veisantui,
708 2511 745 2560 ac
760 2511 867 2582 quivis
879 2515 1007 2566 nuntius
1016 2499 1161 2568 similiter

103 2601 163 2671 per
186 2579 274 2648 facea
296 2577 440 2646 traducet
457 2597 496 2645 eit
517 2597 581 2646 uno
600 2593 712 2646 monte
734 2577 765 2646 iri
783 2577 878 2646 alium
901 2580 1162 2652 adremotisfima

104 2665 202 2732 etiam
225 2665 295 2731 loca
313 2678 478 2730 momento
498 2661 576 2744 pene
600 2663 698 2746 poafit
717 2681 737 2746 p
850 2661 888 2726 ri.
929 2665 1016 2734 Hinc
1032 2679 1162 2750 apparet

102 2745 202 2836 quam
216 2746 327 2818 misere
348 2747 387 2816 sit
409 2745 619 2814 hallucinatur
636 2743 734 2814 Solini
783 2743 978 2829 xercitator,
999 2767 1075 2816 cuin
1093 2747 1162 2818 fieri

102 2827 200 2920 posse
214 2848 331 2919 negat,
354 2847 391 2898 ut
409 2829 513 2897 Athoa
533 2829 688 2896 lremnum
710 2845 811 2911 iraque
831 2827 973 2900 umbram
987 2833 1159 2917 projiciam

102 2915 178 3014 quia
200 2913 405 2986 intervallum
423 2912 503 2982 istud
523 2915 616 2982 nimia
631 2911 671 2982 lit
693 2908 835 2994 vastum,
865 2929 903 2980 ac
921 2917 1055 3003 proinde
1073 2911 1158 2984 sena·

101 3018 185 3070 rium
207 2998 299 3070 istum
321 2998 509 3112 Sophoclis,

289 3163 395 3236 'Adue
417 3163 526 3250 σκιάζει
540 3165 620 3228 ua'irat
635 3157 778 3244 Apprime
794 3161 884 3248 βθδσ.

97 3337 255 3426 corrigit,
275 3353 314 3404 ac
326 3351 389 3434 pro
401 3327 470 3415 dole
483 3351 524 3400 ex
540 3328 657 3404 vitiosa
674 3329 829 3417 scriptura
842 3333 1033 3404 scholiastae
1046 3335 1156 3406 Tbeo

98 3424 194 3505 criti,
221 3437 350 3508 reponit
377 3417 468 3494 dila,
495 3418 567 3485 clim
592 3433 696 3486 tamen
719 3433 898 3488 ceterorum
924 3413 1165 3490 Grammatico·-

94 3526 169 3578 rum
182 3506 370 3584 audonem,
392 3503 425 3570 dc
445 3503 454 3568 i
501 3521 538 3568 ua
554 3501 687 3570 historie
705 3505 823 3566 veritae
838 3501 993 3582 doceant,
1015 3505 1154 3576 Athonia

96 3592 242 3662 iunbtam
268 3579 372 3675 'iraque
394 3586 433 3653 ad
479 3585 602 3660 uculaia
614 3629 626 3666 ,
652 3603 732 3672 quae
753 3584 784 3650 in
802 3581 877 3650 foro
901 3583 1050 3674 Mutinae
1064 3587 1154 3658 urbia

95 3692 169 3743 erat
182 3663 358 3754 collocata,
378 3667 555 3757 pertigisse.
587 3667 649 3739 sed
665 3665 814 3766 profesio
828 3667 888 3736 Vir
905 3669 961 3738 iste
972 3671 1005 3738 in
1017 3675 1156 3741 tenebria
1255 3677 1257 3682 '

94 3759 218 3836 micat,
258 3757 500 3840 uaridocumque
519 3755 748 3822 mathematica
771 3753 894 3822 mactat.
940 3753 1058 3822 Verlim
1086 3774 1155 3844 quo

94 3842 219 3911 certiua
297 3836 541 3908 manifestim&
569 3835 707 3906 Athonis
731 3835 763 3902 dt
789 3853 970 3906 ceterorum
999 3843 1159 3912 mintium

91 3921 507 4082 mdltdi‘islll:
528 3917 1158 4094 {illirillls‘hsollilil'mdllli

115 4032 138 4082 0
773 4053 783 4076 ο
1120 4036 1126 4048 “

663 4085 767 4165 Via
1031 4094 1156 4163 titillant
