2716 4552
389 231 1177 338 PRAEFATIO.

247 415 329 530 ipse
370 424 617 498 reremaneret
639 409 827 492 nonnullos
861 405 1015 506 dicere,
1052 408 1150 518 quod
1174 409 1340 494 tribur

249 531 369 618 alneis
383 523 495 633 fluat.
527 545 673 629 nempe
697 522 765 602 lib.
804 544 896 602 111.
918 545 1002 627 cap.
1028 543 1064 622 7.
1086 545 1172 629 pag.
1195 545 1340 626 293.

249 643 391 726 Melae
402 637 547 740 Gangis
573 635 723 714 exitum
744 633 781 712 in
803 653 908 712 mare
934 629 1186 716 describentis
1209 657 1340 716 ver—

250 756 303 838 :ba
328 752 424 844 haec
440 743 550 825 sunt:
578 742 649 824 Ille
677 737 918 850 (Ganges)
940 839 943 846 ¹
950 799 1132 822 .....
1162 745 1203 826 ia
1213 741 1340 850 sep-

250 880 326 950 tem
364 883 431 950 ora
468 851 706 960 dispergitur.
765 855 926 936 Illorum
961 849 1094 950 vero,
1133 855 1202 957 qui
1234 857 1340 936 tri-

247 980 329 1059 bus
361 969 483 1052 alveis
512 965 635 1046 fluere
668 964 837 1074 Gangen
869 961 1110 1059 adfirmant,
1150 965 1334 1046 nuliam

251 1081 411 1198 prorsus
435 1079 678 1162 mentionem
705 1073 801 1156 facit
823 1073 966 1168 Mein,
1002 1077 1115 1182 cujus
1150 1071 1336 1156 idcirco

241 1191 522 1279 .testimooium
547 1187 648 1266 hanc
677 1187 718 1268 in
741 1211 823 1269 rem
848 1199 1067 1272 anetarum
1090 1187 1330 1270 Gramma-

249 1313 421 1402 ticorum
457 1297 685 1404 coryphaeo
724 1294 772 1376 ad
805 1313 935 1402 partes
968 1311 1155 1380 vocatum
1182 1295 1332 1381 fuisse

249 1417 355 1506 haud
374 1406 661 1494 verifimneest.
673 1408 977 1516 Quareputem‚
1007 1407 1186 1488 librarios
1203 1407 1329 1488 Me-

249 1533 306 1632 ire
336 1519 538 1610 adfinxiffe
568 1519 715 1612 verba,
742 1537 844 1620 quae
860 1517 1033 1598 senecae
1047 1516 1329 1624 adscripscrat

249 1641 410 1724 Servius
437 1624 664 1732 &quidem
703 1628 782 1708 hoc
810 1625 955 1710 modo:
982 1624 1142 1710 Flavius
1160 1625 1324 1712 indiae

153 1759 161 1799 ¹
252 1747 337 1856 eli,
365 1745 429 1853 qui
449 1733 654 1847 seeundum
688 1735 835 1820 Melam
858 1733 998 1844 septem
1031 1737 1144 1820 alneis
1173 1735 1320 1845 flait;

243 1849 445 1970 secundem
480 1849 656 1930 Senecam
690 1850 731 1936 ia
768 1846 855 1930 Sita
891 1844 1025 1932 indiae
1051 1873 1204 1932 nerem:
1237 1856 1324 1957 qai

252 1989 377 2056 famen
421 1959 471 2058 &⁹
515 1955 589 2066 ipse
607 1975 865 2045 eommemorat
897 1957 1085 2042 nonnullos
1137 1956 1315 2058 dicere,

254 2078 353 2194 quod
369 2075 491 2160 tribas
514 2071 628 2152 eoas
647 2067 761 2180 fluat.
983 2137 991 2158 .

255 2261 265 2280 .
307 2191 425 2278 Hanc
453 2199 583 2268 notem
611 2181 905 2268 admirationem
929 2205 1054 2266 meam
1072 2186 1181 2266 auxit
1200 2185 1321 2295 larga

253 2304 370 2412 copia
395 2294 516 2380 MSS.
563 2289 755 2377 Codicum
780 2294 989 2398 Pomponii
1012 2294 1147 2382 Melae
1173 2296 1215 2376 in
1235 2323 1319 2386 va.

257 2422 322 2504 riis
356 2403 611 2520 Bibliothecis
645 2402 970 2499 adservatorun,
1006 2429 1107 2510 quae
1143 2403 1318 2514 prorsus

259 2541 367 2610 tanta
395 2519 476 2612 est,
510 2531 560 2596 ut=
580 2511 666 2596 iere
683 2538 819 2597 omnes
840 2515 1119 2618 Abbatiarum‚
1147 2519 1186 2598 (ir
1207 2516 1320 2599 Mo-

256 2634 517 2722 nasteriorum
530 2629 787 2733 praecipuas,
805 2617 1014 2732 Pomponii
1022 2625 1157 2708 Melae
1170 2649 1316 2710 exem-

256 2745 428 2860 plaribus
453 2733 657 2824 instruens
683 2735 797 2820 fuiffe
818 2735 1071 2838 crediderim3
1100 2761 1231 2848 neque
1248 2741 1320 2821 ul..

257 2865 318 2942 Ius
346 2853 553 2940 dubitem,
580 2852 679 2956 quin
707 2849 838 2954 plures
866 2847 989 2930 medii
1012 2851 1099 2931 aevi
1127 2849 1314 2956 Scripto-

258 2989 352 3063 τρες
389 2963 456 3069 qui
485 2959 760 3070 Geographica
787 2957 1108 3052 tradiarunt,·&
1136 2985 1315 3064 quorum

257 3103 379 3190 opera
416 3073 601 3156 nondum·
627 3071 735 3176 typis
773 3069 863 3152 sunt
899 3067 1123 3178 descripta,
1169 3069 1314 3152 Melae

258 3189 498 3274 mentionem
518 3179 719 3266 iecerint:
746 3181 866 3286 idque
903 3178 1061 3266 tandem
1087 3181 1185 3264 mihi
1214 3179 1337 3262 con-'

259 3305 362 3387 stitit
391 3299 439 3380 de
469 3289 651 3388 dnobus,
679 3291 856 3396 quorum
876 3291 1168 3374 iu'cnbrationes
1198 3293 1313 3394 Geo-

261 3411 469 3523 grapieicae,
496 3410 536 3519 in
555 3405 787 3496 membrana
799 3419 973 3489 exaratae
999 3403 1038 3484 in
1068 3403 1225 3510 publica
1243 3402 1336 3507 Bia

258 3522 454 3604 bliotheca
492 3520 593 3598 inter
632 3515 802 3612 Codices
839 3513 960 3604 MSS.
999 3509 1212 3598 Vossianos
1242 3535 1318 3594 ex.

255 3635 370 3718 stant.
392 3631 552 3712 Horum
571 3649 673 3708 unns
701 3623 833 3708 seculo
863 3647 996 3716 nono,
1022 3626 1117 3706 alter
1146 3627 1314 3706 ineunte

256 3736 611 3850 quintode'deeim'o
621 3737 736 3832 vixit,
746 3740 948 3839 utriusque
960 3735 1121 3818 Codicis
1135 3733 1312 3818 vetusta·

136 3936 139 3944 .
201 3937 205 3944 ,
258 3842 1314 3961 teproxim'eadipsamScriptorumaetatemacceden-

160 4052 166 4060 ,
256 3971 320 4062 re,
337 3962 491 4045 Prioris‘.
501 3975 634 4066 antem
646 3959 801 4058 Codicis
816 3959 973 4044 initium
987 3953 1218 4066 hujusmodi
1228 3955 1308 4072 ed:
1333 3987 1334 3996 Ν

1194 4119 1222 4162 ’7
1252 4091 1302 4148 i).
