2742 4544
200 215 273 293 no
294 217 443 298 ronta.
470 219 671 305 uanam.
692 219 855 340 amnt.
881 219 965 298 cn.
983 157 1060 302 rt
1092 233 1167 320 sn

105 377 162 448 ria.
203 377 260 444 Sic
275 395 404 464 quoque
423 376 550 447 semsse
563 379 676 475 Iubam
690 383 799 450 aanor
815 380 861 450 est
878 381 1087 464 Plutarchus,
1108 385 1165 470 qul

104 478 208 530 rotam
232 466 310 530 nanc
334 467 376 526 de
400 465 507 530 Beatis
529 465 635 534 intulis
657 465 812 533 historiam
838 485 878 534 ex
893 465 972 548 juba
986 465 1019 532 se
1033 467 1166 535 hausisse

125 545 281 612 rofitetur.
327 543 444 614 Plinius
459 565 583 630 tamen,
603 551 688 633 quod
705 553 820 632 miror,
843 549 896 616 sex
917 550 1106 618 Fortunatas
1121 569 1164 622 ex

95 565 177 714 suba
197 628 358 696 describit.
407 627 492 697 Fieri
509 650 586 717 ergo
605 651 666 700 non
685 635 806 718 potest,
830 650 866 700 ut
888 653 955 700 non
970 635 1021 699 vel
1039 633 1160 700 Plinius
1220 671 1223 683 ·

97 711 155 778 vel
170 713 359 778 Plutarchus
368 717 517 791 errarint,
540 735 602 782 tam
619 715 775 786 diversam
793 719 891 800 Jubne
906 713 1090 784 sententiam
1105 719 1161 786 ad·

96 797 254 944 fingendo.
297 795 362 864 Pro
386 797 491 864 Plinio
511 799 638 866 videtur
661 801 738 868 liare
763 801 985 880 Ptolemaeus,
1006 817 1104 883 quum
1127 801 1160 868 dt

93 877 106 946 i
144 898 162 942 e
185 877 237 944 sex
258 897 409 948 numerat.
455 881 546 981 Quae
576 881 731 948 Pluuialia
751 881 796 950 est
822 885 1026 962 Ptolemaeo,
1051 884 1159 953 Plinio

136 963 244 1026 mirina
258 965 343 1030 idem
360 963 552 1050 fignificantc
569 969 729 1036 vocabulo
740 969 927 1052 appellatur.
949 969 1157 1051 sequentium

98 1047 228 1114 nomina
248 1048 290 1114 lic
316 1051 399 1132 apud
424 1049 640 1118 Ptolemaeum
659 1070 722 1136 ope
736 1069 878 1116 veterum
897 1051 1048 1118 librorum
1066 1051 1159 1119 relin-

97 1133 213 1217 genda‚
221 1125 385 1215 Kxnpupiat
394 1135 487 1208 νῆσος.
509 1127 653 1218 Konna
662 1137 756 1208 νῆσος.
769 1130 958 1216 Naaman
970 1137 1062 1210 νῆσος.
1075 1133 1163 1200 Nin-

93 1215 1156 1380 {titillabitsterillititillabit}

97 1379 287 1460 Portunatas
302 1399 390 1450 unam
403 1399 550 1462 tantum,
571 1381 625 1450 scd
642 1384 734 1468 hujus
748 1347 822 1452 locri
845 1383 963 1468 adjecit
977 1384 1156 1466 'Arpdrcrau

95 1461 245 1541 »insumul
260 1463 462 1551 estnnfinam
479 1467 666 1552 inaccesfiam.
691 1465 810 1536 Eadem
828 1467 906 1533 haec
924 1467 1018 1552 posfit
1033 1470 1134 1536 videri
1144 1509 1157 1546 ,

1 1605 2 1610 ,
97 1565 200 1630 atque
212 1547 264 1616 illa
279 1567 359 1634 quae
377 1553 418 1618 ab
431 1547 764 1640 Hispanisappellatur
780 1551 811 1616 la
829 1549 1156 1630 imant-summram

99 1631 245 1729 errando,
266 1650 303 1698 ac
315 1630 443 1721 insuper
462 1635 493 1702 S.
505 1635 662 1732 Buradonis
676 1634 791 1716 insuia,
814 1635 855 1700 de
872 1653 933 1720 qua
948 1635 1041 1700 multi
1057 1637 1158 1732 multa

96 1715 1164 1899 tffltlnbtttnibiliatnlitttlzbtilbffitt

97 1886 178 1950 haec
202 1902 295 1950 marra
312 1881 493 1964 sulcartrnt,
514 1887 808 1964 irancdelcnbant,
828 1905 865 1952 ac
878 1905 940 1955 non
955 1884 1055 1954 desint
1073 1904 1157 1970 quo·

126 1985 164 2031 ue
177 1967 234 2049 bui
251 1963 418 2036 secorinus
444 1988 512 2035 cam
535 1967 652 2035 vidisse
673 1970 859 2046 adfirment,
878 1969 996 2052 quique
1018 1985 1161 2038 naturam

98 1987 161 2121 20ss
179 2069 215 2114 ac
232 2052 408 2120 incolarum
425 2051 536 2120 statum
549 2071 820 2132 commemorent,
840 2054 915 2119 naec
932 2070 1036 2122 tamen
1050 2055 1159 2120 omnia

95 2134 227 2202 efficere
243 2153 305 2202 noo
321 2137 473 2222 possunt,
497 2156 563 2222 quo
580 2138 685 2205 minus
708 2133 807 2204 insula
831 2135 908 2202 haec
924 2133 1074 2204 fabulosis
1095 2155 1161 2204 non

101 2217 142 2286 srt
163 2215 368 2286 accensenda.
409 2217 803 2302 sumministratione,
834 2220 1043 2302 Brendnonis,
1073 2219 1158 2288 adeb

100 2303 186 2368 enim
209 2299 341 2370 diverlis
358 2303 419 2372 boc
442 2307 631 2372 vocabulum
654 2305 835 2387 concipitur
852 2303 974 2381 modis,
994 2303 1160 2372 manifellb

99 2404 144 2452 ex
169 2388 202 2454 S.
224 2388 386 2454 urandnno
414 2407 600 2474 corruptum
615 2387 671 2456 est.
717 2387 777 2456 iste
799 2405 877 2454 vero
903 2387 1083 2454 Brandanus
1102 2407 1160 2454 aut

99 2465 290 2566 Brcndanus
303 2471 418 2538 Scotus
435 2473 521 2553 fuit,
543 2473 718 2558 &quidem
736 2472 887 2548 stauos,
909 2491 946 2538 ut
962 2471 1157 2538 fabulantur.

100 2553 212 2638 Longa
229 2571 262 2618 an
277 2553 340 2640 ejus
354 2555 434 2620 Vita
452 2558 594 2624 occurrit
612 2555 739 2632 historia
753 2557 793 2622 de
820 2554 916 2620 insula
929 2557 1061 2638 quadarn
1077 2557 1160 2622 inac-

100 2633 191 2704 cessa
204 2637 234 2704 ἃ
248 2639 438 2723 irreperibili
447 2687 458 2720 ,
467 2658 562 2725 quam
576 2638 644 2724 ipse
658 2637 760 2716 solus,
782 2637 896 2706 labent
910 2637 1037 2704 memini
1046 2681 1065 2732 ,·
1077 2638 1162 2702 adie·

101 2721 158 2788 rit.
201 2715 248 2785 Ur
261 2739 365 2790 autem
387 2719 487 2792 solent
502 2741 540 2788 va
579 2723 607 2788 ri
628 2719 785 2802 fabellae,
808 2739 870 2786 non
883 2737 949 2786 uno
962 2721 1038 2787 haec
1057 2716 1158 2786 rosula

103 2799 291 2870 describitur
313 2803 396 2875 loco.
438 2806 479 2886 ln,
496 2805 562 2890 ipa
589 2803 745 2871 Brundusi
768 2802 864 2884 tara,
885 2817 966 2887 quue
990 2821 1075 2870 nunc
1096 2823 1161 2870 nou

102 2883 208 2952 estad
231 2905 370 2969 manum,
399 2889 454 2958 niss
474 2908 526 2956 me
546 2887 636 2954 fallat
656 2889 829 2967 memoria,
858 2888 942 2954 circa
970 2886 1160 2956 Hiberniam

102 2966 221 3038 alicubi
235 2961 431 3040 describitur.
452 2971 606 3042 Nonnulli
620 2973 654 3042 io
670 2971 782 3041 indito
794 2983 868 3036 eam·
881 2971 1041 3038 collocant
1055 2969 1159 3036 Occa-

101 3053 259 3134 nomina
277 3050 582 3141 CanurbonaeSpci
594 3057 756 3132 orientem
773 3049 880 3120 versus
891 3053 1158 3121 ducentisleucis.

103 3139 173 3204 lilii
187 3137 262 3206 alibi
277 3141 310 3206 in
328 3141 440 3208 eodem
460 3141 603 3208 Oceano.
646 3137 776 3208 Plurimi
803 3137 880 3204 verb
905 3137 982 3206 banc
996 3137 1031 3204 in
1047 3137 1172 3204 litlan-x

103 3223 172 3289 tico
186 3222 346 3290 collocant
360 3223 453 3304 mari,
477 3241 604 3296 centum
620 3224 749 3291 circiter
765 3222 863 3288 leucis
877 3239 1029 3287 remotam
1053 3219 1072 3286 ὲ
1095 3219 1158 3286 Ca·

99 3305 193 3373 uariis
219 3300 327 3375 insulis
358 3305 537 3394 Zephyrum
567 3304 687 3376 versus.
739 3305 856 3372 Verum
885 3304 1082 3370 Ptolemaeus
1103 3304 1158 3367 ali·

99 3403 222 3478 quanto
244 3393 421 3462 continenti
477 3393 618 3476 opioram
633 3389 734 3468 facit,
752 3405 790 3456 ac
810 3388 991 3454 Fortunatis
1009 3403 1160 3468 annume-

101 3487 173 3552 rat,
196 3467 359 3542 &retlius
370 3408 498 3560 deiuge
515 3493 584 3542 mea
597 3471 759 3542 sentencia.
795 3468 928 3540 Causam
943 3471 1095 3622 nunidem
1110 3467 1158 3566 ia·

99 3555 205 3626 bellae
218 3557 299 3626 banc
314 3558 383 3627 csse
396 3557 548 3626 existimo.
571 3559 746 3639 Ἀπρόσιτσς
768 3555 832 3624 live
847 3555 1003 3620 inaccesa
1027 3555 1058 3620 dc
1077 3550 1110 3619 N
1116 3573 1158 3618 tn·

100 3641 209 3730 guaria
235 3643 345 3713 eadem
365 3642 429 3724 est,
451 3643 528 3708 licet
548 3643 619 3711 illas
638 3640 804 3726 distinguat
828 3639 1037 3707 Ptolemaeus.
1075 3635 1161 3708 ,Nin-

101 3725 212 3813 guaria
224 3723 302 3790 ucrb
321 3727 388 3796 srve
409 3721 562 3808 Nivaria,
581 3737 751 3810 utrumque
769 3723 851 3788 enim
871 3723 992 3790 retium
1012 3715 1082 3786 esse
1100 3739 1156 3786 no·

102 3823 179 3878 runt
197 3807 250 3894 qui
271 3803 383 3878 basim
402 3807 526 3889 sclrmt,
545 3827 609 3876 noa
629 3805 733 3894 potest
753 3807 813 3874 alia
836 3801 904 3872 csse
923 3808 963 3874 ab
980 3803 1053 3883 illa,
1074 3819 1156 3887 quae

101 3889 202 3970 bodie
214 3888 510 3983 Traarilavocatur
520 3914 531 3967 a
543 3909 616 3966 nam
631 3909 703 4046 {um
720 3893 753 3958 in
767 3889 881 3960 ceteris
895 3888 1037 3960 canaiis
1051 3887 1167 4040 nrrllaze¹

661 3993 741 4056 114
993 4055 996 4068 1
1025 3987 1130 4057 unqua
