2734 4554
249 215 319 312 am
383 149 441 288 re]
489 205 687 308 rosen
718 199 1218 286 onsaavnrroune

245 371 478 462 primamque
494 366 600 437 felicis
614 379 856 454 cognomentum
868 368 968 454 aeque
981 383 1080 444 atoue
1099 369 1159 434 tot'
1179 355 1278 453 rep'mi

245 461 386 526 additum
405 453 487 549 fuit,
509 449 697 542 describitur
713 449 786 518 fuse
799 449 839 546 ab
853 451 990 535 ejusdem
1007 449 1128 536 Peripli
1142 390 1280 528 dudum,

290 560 354 620 ouo
375 526 534 604 manifeste
558 550 692 634 apparet.
711 527 779 626 esse
805 533 837 598 td
862 533 952 598 Aean
971 535 1080 622 vulgo*
1093 535 1283 603 nominatum.

280 625 352 692 istut
365 623 440 688 naec
454 619 567 684 civitae
580 637 598 686 a
613 617 698 684 Cane
716 620 804 700 juxta
822 617 1046 684 accuratiorem
1064 617 1218 682 calculum
1237 619 1282 682 du·

242 708 346 790 centis
364 705 394 770 δι
409 701 614 784 quadraginta
627 696 773 782 passuum
785 697 944 778 millibus,
965 719 1044 786 quae
1065 699 1211 768 mensura
1223 708 1282 765 tum

244 791 292 860 bis
308 787 394 856 mille
410 781 513 852 stadiis
527 783 675 868 praedidii
697 773 840 848 morioris
855 781 926 858 satis
944 783 1021 848 bene
1033 785 1200 850 cont-enit.
1221 781 1284 848 Por·

242 873 281 942 ro
300 871 460 937 civitatem
475 867 556 932 lianc
571 865 756 939 delirustam
775 857 872 930 fuisse
891 863 910 932 a
933 867 1109 946 Romanis,
1128 867 1221 950 idque
1236 863 1282 930 sub

245 945 389 1040 Augusto
409 935 561 1029 Cacl'are‚
581 947 703 1016 constat
723 967 762 1014 ex
782 939 843 1014 hoc
862 947 929 1034 ipso
949 943 1087 1034 Periplo.
1131 937 1234 1018 idaea
1249 949 1285 1012 ira

244 1039 375 1108 staurata
395 1035 435 1102 ab
457 1033 587 1108 iisdem,
610 1049 646 1098 ut
668 1029 853 1110 vennone,
876 1050 913 1096 ac
928 1033 1007 1100 dicia
1025 1025 1216 1118 Emporium
1234 1031 1285 1096 Ro·

246 1121 394 1196 manum,
417 1119 465 1184 uti
478 1115 649 1200 appellatur
664 1111 683 1180 d
699 1113 929 1198 Pniiostorgio,
944 1135 981 1181 ac
1001 1117 1097 1182 medii
1123 1117 1193 1182 aevi
1216 1115 1284 1180 Scri·
1321 1121 1322 1126 ’

246 1193 1281 1368 niuimineuaetnauaaurelianum

767 1327 780 1364 ,
1274 1312 1282 1328 .

247 1383 337 1440 cetur
355 1388 393 1434 or
423 1366 518 1432 idum.
841 1383 849 1390 ·

256 1525 259 1532 ,
289 1455 309 1520 1.
331 1385 513 1519 ooppprima
530 1435 667 1512 Berenice
683 1443 763 1512 ioier
791 1433 1041 1532 Heroopoliticum
1062 1446 1103 1520 ἃ
1117 1439 1284 1524 Seruium]

248 1537 351 1604 Valde
364 1531 429 1600 sele
445 1529 499 1600 nic
520 1547 692 1610 exercent,
710 1551 774 1598 non
797 1533 887 1598 multi
904 1531 1053 1612 tautum,
1078 1529 1135 1598 stri
1151 1531 1181 1597 dr
1197 1527 1280 1609 magni

249 1623 329 1690 Viri.
373 1613 514 1684 Tantum
538 1623 643 1708 autem
663 1613 747 1680 abest
762 1627 798 1682 ut
820 1603 926 1682 locum
944 1615 1029 1681 hunc
1043 1613 1281 1681 obscurisimum

249 1701 447 1774 illustrarint,
460 1715 494 1762 ut
508 1693 612 1782 pumirs
627 1697 734 1762 densas
750 1695 837 1764 &im
861 1699 1048 1778 enetrabiles
1060 1688 1230 1782 effuderint
1243 1709 1277 1759 to

252 1790 374 1858 oebrae.
407 1771 487 1850 Non
502 1779 616 1863 longus
633 1775 771 1862 tanrirm,
794 1779 825 1846 se
863 1779 1020 1848 &stultus
1034 1781 1121 1848 esset
1136 1779 1235 1856 labor,
1254 1776 1280 1839 il·

250 1873 352 1970 lorum
366 1859 509 1964 persequi
523 1879 665 1940 errores,
680 1857 752 1929 cirm
769 1863 826 1930 hos
842 1855 925 1948 ipsos
938 1866 1082 1961 veritatis
1094 1863 1234 1950 cognitio
1245 1855 1278 1922 sa·

221 2019 224 2026 ·
249 1939 1086 2122 ii.iiiiimiliiei.ini.⁶,iiiiilliiiii2
1096 1947 1281 2098 iuriae

249 2124 331 2188 timo
352 2113 467 2200 angulo
482 2112 561 2180 imur
580 2111 729 2193 Arabici,
752 2119 814 2180 nou
832 2112 876 2180 est
897 2115 949 2180 illa
965 2133 1044 2196 quae
1056 2110 1208 2181 solstitiali
1223 2106 1277 2172 sun

251 2201 330 2268 “edla
345 2197 389 2266 eli
402 2197 544 2291 circulo,¹
562 2196 713 2280 cujusque
734 2198 912 2280 complures
934 2185 1088 2264 Auoores
1105 2194 1278 2264 mentionem

284 2285 401 2358 ciunt,
428 2275 483 2344 sed
503 2275 561 2342 alra
580 2278 682 2346 minus
711 2285 812 2358 rrota,
836 2281 923 2362 cuius
950 2299 987 2344 ue
1009 2289 1134 2360 praeter
1153 2275 1276 2348 Melam,

250 2381 328 2436 unus
351 2379 493 2456 tantum.
511 2361 597 2444 quod
610 2357 722 2441 sciam,
745 2363 885 2428 meminit
903 2361 943 2448 Jo
956 2361 1053 2448 ephus
1082 2386 1103 2427 v
1116 2380 1176 2430 ιιι.
1197 2355 1276 2426 Auri·

250 2454 421 2536 quitatum,
440 2443 493 2510 ubr
508 2447 547 2508 de
559 2442 655 2510 classe
669 2439 885 2512 salomoniaca
896 2443 971 2530 agit.
1016 2445 1112 2514 Dicit
1126 2445 1179 2510 ille
1191 2436 1277 2508 aedifi·

139 2609 142 2614 ,
249 2551 350 2614 catam
365 2534 443 2600 nanc
457 2523 554 2592 fuisse
565 2527 595 2592 in
613 2545 707 2611 portu
723 2527 921 2612 diiougaber.
942 2525 1039 2594 Addit
1053 2546 1182 2614 portum
1201 2521 1273 2590 ilium

251 2631 354 2686 a'etate
369 2611 421 2683 sua
436 2609 553 2678 dimum
567 2605 661 2676 fuisse
678 2611 858 2688 Bereniceo,
879 2631 937 2678 nec
957 2615 1091 2680 multum
1106 2604 1236 2678 abfuisse
1245 2602 1274 2667 ab

249 2701 372 2780 Aelana
389 2695 475 2764 urbe.
518 2693 568 2760 Ex
582 2691 643 2760 hoc
658 2695 822 2779 Pomponii
839 2695 870 2762 dc
895 2693 967 2779 Jose
991 2697 1021 2762 hi
1044 2693 1217 2764 testimonio
1233 2703 1275 2774 co·

248 2779 430 2938 §noscimus
450 2777 538 2846 fitam
558 2773 653 2843 fuisse
674 2778 834 2844 Bereniceo
863 2777 942 2844 inter
966 2715 1274 2866 heroopoliticum&

272 2867 420 2936 trobilum
434 2863 660 2946 promunturia.
687 2855 968 2942 Heroopoliticum
983 2860 1229 2946 promuntorium
1242 2848 1276 2914 est

249 2954 284 3020 in
307 2950 373 3018 sinu
404 2941 653 3030 Heroopolitico.
693 2945 864 3010 Strobilum
886 2957 981 3011 vocat
996 2947 1080 3027 quod
1095 2944 1274 3028 Ptolemaeus

251 3037 283 3104 dc
304 3033 354 3098 alii
377 3029 508 3100 Pharao.
550 3025 803 3094 Prornuntotium
817 3029 877 3094 hoc
895 3027 987 3094 distin
1013 3031 1060 3096 uie
1075 3018 1275 3105 Heroopoliti-

251 3117 369 3186 cum&
388 3107 595 3207 Aelaniticum
613 3109 704 3180 srnus.
742 3102 927 3194 Cognomen
942 3112 970 3176 ei
985 3049 1010 3178 ἕ
1020 3110 1122 3178 forma
1140 3109 1274 3176 inditum·

248 3218 361 3286 nempe
382 3179 612 3262 iirmrlrtudme
631 3194 719 3260 nucis
738 3194 858 3276 pineae.
880 3192 1080 3260 Tralativum
1095 3193 1178 3280 apud
1191 3183 1274 3252 Grae·

251 3291 326 3360 cos.
344 3295 380 3348 ut
394 3275 560 3346 montes&
577 3277 787 3355 promunturia
801 3273 996 3360 στροβιιοειδῆ
1013 3280 1167 3346 dicantur.
1185 3267 1199 3336 l
1219 3265 1269 3331 sum

252 3365 333 3436 vero
348 3363 500 3448 oppidum·
513 3359 675 3426 Berenices
689 3379 752 3425 non
770 3359 870 3444 potest
884 3362 967 3430 aliud
981 3359 1065 3442 esse,
1087 3376 1179 3444 atque
1192 3289 1272 3420 iilud,

250 3449 336 3538 quod
350 3445 477 3514 Calzem
493 3437 532 3508 ab·
553 3441 706 3508 Arooibus
721 3461 759 3526 ap
782 3443 902 3509 ellatur.
946 3443 1072 3510 Caedua
1094 3423 1270 3510 materiesad

250 3527 445 3599 exstruendas
473 3543 570 3592 naves
588 3525 652 3590 illic
664 3462 808 3610 copioia,
829 3527 962 3608 ideoque
974 3528 1101 3594 celebre
1114 3519 1188 3592 adeo
1206 3520 1269 3582 inter

251 3605 336 3686 linus
353 3611 517 3698 Erythraei
530 3609 648 3674 accolas
664 3607 743 3676 istud
756 3617 948 3686 ruurnyer‘oe,
961 3625 996 3676 ιιι
1007 3609 1047 3678 ab
1061 3611 1118 3678 illo
1131 3622 1197 3676 toto
1208 3589 1269 3666 linui

251 3710 495 3780 cognomentum
509 3691 684 3760 indiderint.

267 3783 315 3848 Ἰ.
343 3789 396 3846 61.
427 3773 543 3841 Deinde
572 3776 650 3838 iuter
672 3778 875 3856 promuntorio
900 3772 1079 3842 Morooeoon
1103 3773 1138 3848 E?
1159 3751 1268 3838 Cuneo]

250 3863 412 3950 Antiquae
428 3857 625 3982 demelioret
648 3859 841 3974 membranae
855 3859 898 3934 iic
920 3861 1055 3946 habent,
1075 3853 1265 4028 1)ιίιῖῖοῖέὲ
