2760 4542
210 241 284 329 an
300 239 445 326 roma.
463 241 661 324 manant.
680 245 763 326 nm.
786 247 850 328 nr.
869 241 952 327 cm.
971 243 1057 328 vn.
1106 247 1180 350 rad

129 427 238 484 nutem
259 411 346 497 quod
366 405 575 494 exprimitur,
594 405 625 473 id
640 417 679 474 et
705 401 815 474 iisdem
837 405 937 488 olim,
958 425 1055 498 atque
1073 426 1183 502 nunc,

80 505 101 522 “·
130 497 278 600 prodibat
292 492 511 594 arundinibus,
532 507 568 556 ut
586 491 638 556 vel
653 491 714 558 lroc
725 505 789 558 uno
805 509 988 588 argumento
1006 495 1077 563 satir
1092 499 1183 566 collie

156 570 1183 756 zliliuli‘li⁰iialiidi0il3ililllsigilii

131 744 212 816 liose
225 745 393 842 admodum
420 743 461 808 de
481 743 540 840 irae
560 738 738 840 quaestione
761 757 846 808 inter
867 737 932 808 sese
953 741 1181 842 disputarunt,

128 844 396 924 operaepretium
410 823 455 891 est
469 823 554 924 litem
571 823 657 890 istam
673 822 892 978 drerrrfimgreffliac
915 847 1033 978 uulnere,
1047 827 1100 898 sed
1114 833 1180 901 cla}

127 913 383 1068 melmae
390 925 849 1087 essugnngatcontorarerndealdum
869 989 935 1074 est,
971 933 1180 1084 ‹13ssssssssss

129 1081 263 1148 Veteres
273 1077 313 1144 de
323 1077 471 1144 arundine
484 1069 688 1144 succhamfera
703 1075 734 1140 dt
750 1071 898 1142 saccharo
908 1077 1033 1163 dixere,
1047 1083 1099 1149 illa
1109 1105 1178 1152 om·

127 1165 179 1232 nia
195 1161 367 1228 convenire
376 1157 518 1226 arundini
533 1157 615 1224 unde
633 1155 728 1222 hodie
742 1161 912 1224 etiamnum
930 1157 1106 1232 saccharum
1124 1188 1179 1237 er·

9 1293 11 1304 ,
128 1247 295 1336 primitur,
314 1263 377 1314 oon
397 1259 501 1310 autern
523 1259 654 1308 mannae
669 1247 779 1308 aereae
792 1257 845 1308 aut
865 1239 1011 1313 saccharo
1024 1245 1176 1322 Tabaxit.

8 1353 10 1384 ³
126 1326 180 1398 Ae
200 1327 335 1416 ptimlrm
350 1329 496 1414 quidem,
529 1318 608 1391 illud
633 1321 765 1390 libenter
789 1321 966 1412 largimur,
997 1333 1177 1402 arundinem

8 1435 10 1470 ⁷
126 1416 212 1482 hunc
236 1429 376 1498 magnam
396 1406 515 1490 fuisse,
536 1409 568 1475 dt
597 1407 744 1476 arboreae
763 1409 975 1494 proceritatis.
1013 1411 1176 1485 Describit

8 1549 9 1554 ,
124 1513 196 1566 eam
215 1492 315 1566 varro
334 1495 486 1564 Atacinus
499 1491 581 1579 apud
596 1489 764 1558 Isidorum:
1168 1499 1172 1508 '

274 1661 379 1730 Indico
397 1677 455 1726 non
468 1657 681 1748 magnanimis
695 1659 797 1724 ardore
809 1679 858 1724 cre
870 1661 913 1724 cit
925 1665 1056 1731 orando:

273 1745 363 1814 slliru
384 1745 400 1812 l
416 1745 505 1810 lentis
517 1745 664 1828 premitur
681 1743 832 1807 radicibus
887 1763 966 1826 mor,

270 1829 387 1900 Dulcia
401 1831 450 1894 eur·
464 1837 608 1914 mquecru
618 1825 709 1910 sacco
723 1829 892 1892 contendere
906 1829 1003 1898 mella.

126 1999 164 2072 In
180 1998 291 2149 grinte
306 1995 463 2066 verficulo
481 1989 599 2088 aliquid
614 1987 684 2090 erse
701 1993 788 2092 quod
810 2013 899 2092 aurea
911 1995 1107 2068 nopuitiosas
1122 1997 1173 2070 of.

125 2083 179 2152 sen
202 2101 257 2164 at,
276 2099 369 2152 nemo
388 2081 442 2166 qui
461 2075 575 2146 Latine
594 2091 699 2158 norit,
721 2077 913 2174 diffitebitur.
959 2079 1085 2168 Auget,
1110 2105 1173 2155 non

120 2163 230 2320 §apage
223 2165 325 2318 ιὲἰὲιιιιῐεῃ
328 2163 380 2316 (31.
409 2155 594 2244 samaias,
623 2157 696 2226 cam
717 2161 818 2246 legat,
838 2159 1030 2232 Indicarum
1052 2185 1171 2258 tregru,

270 2413 378 2484 Indice
397 2431 455 2480 narr
474 2429 583 2504 magna
601 2413 700 2478 mimas
713 2413 814 2478 urbere
829 2411 933 2503 crescit
953 2419 1077 2486 arundo.

120 2583 167 2652 At
180 2581 258 2654 veru
271 2601 388 2650 cannae
404 2575 600 2652 saccharinae
613 2581 801 2662 hodiernae,
824 2583 911 2664 ajunt
938 2585 1081 2670 quidam,
1103 2605 1168 2657 non

120 2668 206 2736 ultra
222 2683 285 2736 tres
300 2681 480 2750 quatuorve
496 2662 623 2750 surgunt
637 2667 774 2733 cubitos.
798 2663 860 2732 Sed
879 2665 1032 2733 falluntur
1045 2667 1170 2756 insigni·

121 2765 183 2817 ter.
228 2749 302 2816 Non
325 2769 376 2818 me
395 2747 479 2832 sugit
496 2767 607 2816 cannas
632 2745 750 2814 insulae
772 2745 966 2816 Mademe&
985 2751 1083 2832 alias,
1106 2773 1167 2820 non

121 2829 268 2916 superare
282 2833 359 2900 nane
378 2828 571 2909 mensuram,
589 2830 698 2898 verum
721 2829 752 2896 id
772 2825 813 2896 cb
833 2829 893 2910 fit,
911 2833 982 2918 quia
1003 2839 1169 2918 quotannis

119 2931 281 3000 putantur.
322 2915 412 3064 Quoue
430 2913 566 3000 primum
589 2911 608 2980 i
630 2911 783 2982 Lusitanis
798 2915 828 2979 in
846 2933 883 2980 ea
899 2915 994 2984 insula
1011 2915 1168 3004 plantatae

123 2993 252 3064 suerunt
269 3017 344 3066 arun
370 3002 456 3080 ines,
478 2997 516 3066 ad
529 2999 639 3064 decem
658 2999 839 3066 cubitorum
856 2999 1051 3066 altitudinem
1064 2999 1113 3067 sur
1135 3023 1169 3069 e·

119 3081 207 3150 bant.
251 3081 354 3168 Hujus
369 3081 412 3150 rei
427 3082 508 3148 hanc
522 3081 634 3178 volunt
649 3077 717 3146 esse
731 3077 874 3164 causant,
896 3079 984 3168 quod
1001 3083 1072 3150 cium
1083 3023 1167 3154 insu·

120 3167 148 3232 lu
169 3165 245 3231 haec
266 3167 399 3252 primirm
417 3165 480 3234 coli
496 3181 626 3248 coepit,
645 3165 778 3248 maiores
801 3165 833 3231 in
858 3167 1062 3252 producendo
1085 3169 1166 3237 vires

117 3247 272 3316 habuerit.
293 3249 391 3337 Qudd
408 3249 431 3318 fi
446 3245 546 3316 sulces
561 3265 624 3314 non
642 3247 903 3332 immitterentur,
926 3247 979 3316 sed
1007 3269 1167 3322 uterentur

115 3335 282 3399 arundines
303 3337 342 3402 ad
359 3333 475 3400 nultus
492 3349 589 3405 annos
609 3328 807 3414 adolescere,
829 3349 890 3398 non
913 3333 950 3398 ud
994 3353 1081 3400 ecem
1099 3353 1168 3403 tun·

115 3415 186 3486 tlrm
200 3417 324 3484 cubitos
338 3467 349 3500 ,
369 3415 477 3484 verum
497 3417 535 3482 ad
555 3411 658 3484 multo
675 3415 820 3496 maiorem
832 3412 1048 3484 excrescerent
1063 3420 1168 3488 excel*

113 3499 249 3570 litarem.
293 3499 451 3586 Exemplo
467 3497 524 3568 sint
541 3515 657 3566 cannae
670 3497 744 3566 istae
755 3495 962 3584 sacellarium,
983 3521 1062 3588 quae
1080 3503 1110 3569 in
1124 3505 1168 3572 ri·

113 3585 167 3674 pia
188 3585 337 3684 argentei
356 3581 491 3679 fluminie
517 3579 629 3682 sponte
655 3578 708 3648 sua
736 3583 923 3665 proveniunt
948 3585 986 3650 ad
1008 3581 1168 3658 arboream

113 3665 1167 3846 lilliliilr,illidiililllilililligllliii:

111 3833 179 3918 est,
203 3831 290 3917 quod
305 3835 423 3904 errastis
440 3833 563 3900 duobus
579 3827 596 3898 i
612 3826 729 3900 satione
742 3831 828 3898 annis
839 3833 924 3900 rlltco
940 3837 1165 3920 praecidantur.

112 3917 154 3988 In
172 3917 269 3985 insula
286 3919 318 3988 S.
341 3914 487 3988 Thomne
500 3915 595 3982 etiam
611 3917 696 4000 prins
708 3913 926 3995 succiduntur,
949 3915 1039 3986 sexto
1052 3939 1167 4008 nempe

110 4001 144 4072 a,
157 3999 275 4075 saciom
298 3999 415 4071 mense.
456 4000 603 4069 Alterum
621 4017 836 4085 argumentum
854 4017 919 4086 quo
939 4017 1101 4156 uitiantur<¹
1113 4005 1168 4088 qui

138 4089 150 4110 ⁸
211 4088 216 4102 '
1100 4105 1166 4156 ete·
