<?xml version="1.0" encoding="UTF-8"?>
<!DOCTYPE html PUBLIC "-//W3C//DTD XHTML 1.0 Transitional//EN"
    "http://www.w3.org/TR/xhtml1/DTD/xhtml1-transitional.dtd">
<html xmlns="http://www.w3.org/1999/xhtml" xml:lang="en" lang="en">
 <head>
  <title>
</title>
<meta http-equiv="Content-Type" content="text/html;charset=utf-8" />
  <meta name='ocr-system' content='tesseract 3.04.00' />
  <meta name='ocr-capabilities' content='ocr_page ocr_carea ocr_par ocr_line ocrx_word'/>
</head>
<body>
  <div class='ocr_page' id='page_1' title='image "./pomponiimelaede00soligoog_0845.png"; bbox 0 0 2760 4542; ppageno 0'>
   <div class='ocr_carea' id='block_1_1' title="bbox 164 137 1183 306">
    <p class='ocr_par' dir='ltr' id='par_1_1' title="bbox 164 137 1183 306">
     <span class='ocr_line' id='line_1_1' title="bbox 164 137 1183 306; baseline 0.006 -22"><span class='ocrx_word' id='word_1_1' title='bbox 164 200 246 286; x_wconf 77' lang='lat' dir='ltr'>ub</span> <span class='ocrx_word' id='word_1_2' title='bbox 263 201 412 282; x_wconf 77' lang='lat' dir='ltr'>eorm</span> <span class='ocrx_word' id='word_1_3' title='bbox 436 137 636 276; x_wconf 74' lang='lat' dir='ltr'>urerer.</span> <span class='ocrx_word' id='word_1_4' title='bbox 659 197 740 280; x_wconf 70' lang='lat' dir='ltr'>m».</span> <span class='ocrx_word' id='word_1_5' title='bbox 757 197 826 277; x_wconf 71' lang='lat' dir='ltr'>ur,</span> <span class='ocrx_word' id='word_1_6' title='bbox 847 197 1015 282; x_wconf 65' lang='lat' dir='ltr'>cour.</span> <span class='ocrx_word' id='word_1_7' title='bbox 1029 205 1079 282; x_wconf 90' lang='lat' dir='ltr'>v.</span> <span class='ocrx_word' id='word_1_8' title='bbox 1106 217 1183 306; x_wconf 70' lang='lat'>797.</span> 
     </span>
    </p>
   </div>
   <div class='ocr_carea' id='block_1_2' title="bbox 116 356 1255 1116">
    <p class='ocr_par' dir='ltr' id='par_1_2' title="bbox 116 356 1255 1116">
     <span class='ocr_line' id='line_1_2' title="bbox 116 356 1181 452; baseline -0.003 -16"><span class='ocrx_word' id='word_1_9' title='bbox 116 379 188 446; x_wconf 64' lang='lat' dir='ltr'>rum</span> <span class='ocrx_word' id='word_1_10' title='bbox 205 367 356 435; x_wconf 86' lang='lat' dir='ltr'>&amp;mores</span> <span class='ocrx_word' id='word_1_11' title='bbox 370 360 519 428; x_wconf 81' lang='lat' dir='ltr'>Medicus</span> <span class='ocrx_word' id='word_1_12' title='bbox 536 356 753 440; x_wconf 78' lang='lat' dir='ltr'>adsciverant,</span> <span class='ocrx_word' id='word_1_13' title='bbox 776 380 857 448; x_wconf 83' lang='lat' dir='ltr'>quos</span> <span class='ocrx_word' id='word_1_14' title='bbox 875 361 981 452; x_wconf 82' lang='lat' dir='ltr'>postea</span> <span class='ocrx_word' id='word_1_15' title='bbox 997 365 1051 432; x_wconf 90' lang='lat' dir='ltr'>lon</span> <span class='ocrx_word' id='word_1_16' title='bbox 1076 367 1122 434; x_wconf 81' lang='lat' dir='ltr'>ius</span> <span class='ocrx_word' id='word_1_17' title='bbox 1136 369 1181 436; x_wconf 90' lang='lat' dir='ltr'>di·</span> 
     </span>
     <span class='ocr_line' id='line_1_3' title="bbox 116 387 1181 540; baseline -0.002 -21"><span class='ocrx_word' id='word_1_18' title='bbox 116 451 215 540; x_wconf 65' lang='lat' dir='ltr'>gressi</span> <span class='ocrx_word' id='word_1_19' title='bbox 232 449 362 518; x_wconf 86' lang='lat' dir='ltr'>efferata</span> <span class='ocrx_word' id='word_1_20' title='bbox 380 447 410 512; x_wconf 77' lang='lat' dir='ltr'>br</span> <span class='ocrx_word' id='word_1_21' title='bbox 427 445 558 512; x_wconf 87' lang='lat' dir='ltr'>barbara</span> <span class='ocrx_word' id='word_1_22' title='bbox 574 445 698 510; x_wconf 84' lang='lat' dir='ltr'>vivendi</span> <span class='ocrx_word' id='word_1_23' title='bbox 721 448 843 512; x_wconf 86' lang='lat' dir='ltr'>ratione</span> <span class='ocrx_word' id='word_1_24' title='bbox 858 465 1022 514; x_wconf 82' lang='lat' dir='ltr'>exuerunt.</span> <span class='ocrx_word' id='word_1_25' title='bbox 1043 387 1181 518; x_wconf 45' lang='lat' dir='ltr'>rimmo·-</span> 
     </span>
     <span class='ocr_line' id='line_1_4' title="bbox 121 529 1179 614; baseline -0.002 -14"><span class='ocrx_word' id='word_1_26' title='bbox 121 537 158 604; x_wconf 88' lang='lat' dir='ltr'>ni</span> <span class='ocrx_word' id='word_1_27' title='bbox 175 535 270 602; x_wconf 89' lang='lat' dir='ltr'>verba</span> <span class='ocrx_word' id='word_1_28' title='bbox 284 535 327 600; x_wconf 90' lang='lat' dir='ltr'>ita</span> <span class='ocrx_word' id='word_1_29' title='bbox 341 529 563 614; x_wconf 88' lang='lat' dir='ltr'>concipiuntur</span> <span class='ocrx_word' id='word_1_30' title='bbox 576 531 609 596; x_wconf 89' lang='lat' dir='ltr'>in</span> <span class='ocrx_word' id='word_1_31' title='bbox 619 529 778 594; x_wconf 89' lang='lat' dir='ltr'>veteribus</span> <span class='ocrx_word' id='word_1_32' title='bbox 795 529 900 608; x_wconf 69' lang='lat' dir='ltr'>Ebrio,</span> <span class='ocrx_word' id='word_1_33' title='bbox 924 549 1015 594; x_wconf 82' lang='lat' dir='ltr'>mores</span> <span class='ocrx_word' id='word_1_34' title='bbox 1034 532 1072 604; x_wconf 67' lang='lat'>&amp;⁹</span> <span class='ocrx_word' id='word_1_35' title='bbox 1084 538 1179 600; x_wconf 77' lang='lat' dir='ltr'>medie</span> 
     </span>
     <span class='ocr_line' id='line_1_5' title="bbox 121 611 1178 702; baseline 0.003 -19"><span class='ocrx_word' id='word_1_36' title='bbox 121 618 164 690; x_wconf 55' lang='grc' dir='ltr'>ὃ*</span> <span class='ocrx_word' id='word_1_37' title='bbox 178 617 333 702; x_wconf 81' lang='lat' dir='ltr'>efferatum</span> <span class='ocrx_word' id='word_1_38' title='bbox 355 613 489 678; x_wconf 72' lang='lat' dir='ltr'>vivendis</span> <span class='ocrx_word' id='word_1_39' title='bbox 509 613 599 674; x_wconf 80' lang='lat' dir='ltr'>etium</span> <span class='ocrx_word' id='word_1_40' title='bbox 616 614 821 702; x_wconf 77' lang='lat' dir='ltr'>immaturum.</span> <span class='ocrx_word' id='word_1_41' title='bbox 870 611 962 680; x_wconf 84' lang='lat' dir='ltr'>Unde</span> <span class='ocrx_word' id='word_1_42' title='bbox 979 613 1047 682; x_wconf 90' lang='lat' dir='ltr'>Viri</span> <span class='ocrx_word' id='word_1_43' title='bbox 1062 617 1178 686; x_wconf 70' lang='lat' dir='ltr'>erudiri</span> 
     </span>
     <span class='ocr_line' id='line_1_6' title="bbox 119 695 1255 778; baseline -0.017 -8"><span class='ocrx_word' id='word_1_44' title='bbox 119 702 202 770; x_wconf 86' lang='lat' dir='ltr'>nihil</span> <span class='ocrx_word' id='word_1_45' title='bbox 217 701 292 770; x_wconf 88' lang='lat' dir='ltr'>boni</span> <span class='ocrx_word' id='word_1_46' title='bbox 307 695 462 763; x_wconf 85' lang='lat' dir='ltr'>excudere</span> <span class='ocrx_word' id='word_1_47' title='bbox 481 709 664 778; x_wconf 84' lang='lat' dir='ltr'>potuerunt.</span> <span class='ocrx_word' id='word_1_48' title='bbox 1238 717 1255 726; x_wconf 90' lang='lat'>-</span> 
     </span>
     <span class='ocr_line' id='line_1_7' title="bbox 167 773 1178 872; baseline -0.01 -22"><span class='ocrx_word' id='word_1_49' title='bbox 167 785 190 850; x_wconf 93' lang='lat' dir='ltr'>l.</span> <span class='ocrx_word' id='word_1_50' title='bbox 218 805 268 872; x_wconf 81' lang='lat'>13.</span> <span class='ocrx_word' id='word_1_51' title='bbox 294 781 338 846; x_wconf 77' lang='lat' dir='ltr'>Ur</span> <span class='ocrx_word' id='word_1_52' title='bbox 358 781 428 844; x_wconf 81' lang='lat' dir='ltr'>inde</span> <span class='ocrx_word' id='word_1_53' title='bbox 445 779 580 861; x_wconf 77' lang='lat' dir='ltr'>expeditu</span> <span class='ocrx_word' id='word_1_54' title='bbox 602 781 638 842; x_wconf 85' lang='lat' dir='ltr'>in</span> <span class='ocrx_word' id='word_1_55' title='bbox 660 773 737 841; x_wconf 69' lang='lat' dir='ltr'>iiius</span> <span class='ocrx_word' id='word_1_56' title='bbox 759 775 884 862; x_wconf 79' lang='lat' dir='ltr'>munus]</span> <span class='ocrx_word' id='word_1_57' title='bbox 905 777 1057 848; x_wconf 87' lang='lat' dir='ltr'>Veterum</span> <span class='ocrx_word' id='word_1_58' title='bbox 1078 783 1178 850; x_wconf 85' lang='lat' dir='ltr'>libro.</span> 
     </span>
     <span class='ocr_line' id='line_1_8' title="bbox 118 859 1178 936; baseline 0.002 -2"><span class='ocrx_word' id='word_1_59' title='bbox 118 885 192 934; x_wconf 88' lang='lat' dir='ltr'>rum</span> <span class='ocrx_word' id='word_1_60' title='bbox 224 866 392 934; x_wconf 75' lang='lat' dir='ltr'>leuiorem</span> <span class='ocrx_word' id='word_1_61' title='bbox 420 861 611 928; x_wconf 80' lang='lat' dir='ltr'>reduximus.</span> <span class='ocrx_word' id='word_1_62' title='bbox 675 859 862 927; x_wconf 84' lang='lat' dir='ltr'>Reduodare</span> <span class='ocrx_word' id='word_1_63' title='bbox 889 881 997 932; x_wconf 86' lang='lat' dir='ltr'>aurem</span> <span class='ocrx_word' id='word_1_64' title='bbox 1025 867 1178 936; x_wconf 79' lang='lat' dir='ltr'>videntur</span> 
     </span>
     <span class='ocr_line' id='line_1_9' title="bbox 122 941 1177 1032; baseline 0 -18"><span class='ocrx_word' id='word_1_65' title='bbox 122 951 224 1016; x_wconf 90' lang='lat' dir='ltr'>verba</span> <span class='ocrx_word' id='word_1_66' title='bbox 241 951 318 1028; x_wconf 84' lang='lat' dir='ltr'>illa,</span> <span class='ocrx_word' id='word_1_67' title='bbox 341 945 578 1032; x_wconf 73' lang='lat' dir='ltr'>praecurritur.</span> <span class='ocrx_word' id='word_1_68' title='bbox 619 941 738 1010; x_wconf 81' lang='lat' dir='ltr'>Verum</span> <span class='ocrx_word' id='word_1_69' title='bbox 750 945 810 1026; x_wconf 89' lang='lat' dir='ltr'>jam</span> <span class='ocrx_word' id='word_1_70' title='bbox 834 941 956 1028; x_wconf 87' lang='lat' dir='ltr'>saepius</span> <span class='ocrx_word' id='word_1_71' title='bbox 979 950 1177 1028; x_wconf 87' lang='lat' dir='ltr'>monuimus,</span> 
     </span>
     <span class='ocr_line' id='line_1_10' title="bbox 117 1025 1177 1116; baseline -0.006 -17"><span class='ocrx_word' id='word_1_72' title='bbox 117 1031 262 1100; x_wconf 84' lang='lat' dir='ltr'>nostrum</span> <span class='ocrx_word' id='word_1_73' title='bbox 282 1032 365 1100; x_wconf 80' lang='lat' dir='ltr'>bunc</span> <span class='ocrx_word' id='word_1_74' title='bbox 390 1030 485 1096; x_wconf 84' lang='lat' dir='ltr'>etiam</span> <span class='ocrx_word' id='word_1_75' title='bbox 503 1029 537 1096; x_wconf 89' lang='lat' dir='ltr'>ia</span> <span class='ocrx_word' id='word_1_76' title='bbox 555 1043 640 1096; x_wconf 87' lang='lat' dir='ltr'>tanta</span> <span class='ocrx_word' id='word_1_77' title='bbox 654 1027 810 1095; x_wconf 82' lang='lat' dir='ltr'>breuitate</span> <span class='ocrx_word' id='word_1_78' title='bbox 828 1025 941 1096; x_wconf 86' lang='lat' dir='ltr'>babere</span> <span class='ocrx_word' id='word_1_79' title='bbox 955 1033 1041 1116; x_wconf 85' lang='lat' dir='ltr'>quod</span> <span class='ocrx_word' id='word_1_80' title='bbox 1059 1031 1177 1100; x_wconf 76' lang='lat' dir='ltr'>auferri</span> 
     </span>
    </p>
   </div>
   <div class='ocr_carea' id='block_1_3' title="bbox 117 1114 817 1380">
    <p class='ocr_par' dir='ltr' id='par_1_3' title="bbox 117 1114 817 1380">
     <span class='ocr_line' id='line_1_11' title="bbox 117 1114 235 1200; baseline 0.017 -20"><span class='ocrx_word' id='word_1_81' title='bbox 117 1114 235 1200; x_wconf 70' lang='lat' dir='ltr'>posfiu</span> 
     </span>
     <span class='ocr_line' id='line_1_12' title="bbox 468 1275 817 1380; baseline -0.02 0"><span class='ocrx_word' id='word_1_82' title='bbox 468 1287 528 1380; x_wconf 80' lang='lat' dir='ltr'>Ira</span> <span class='ocrx_word' id='word_1_83' title='bbox 576 1290 657 1376; x_wconf 75' lang='lat' dir='ltr'>CA</span> <span class='ocrx_word' id='word_1_84' title='bbox 676 1317 712 1374; x_wconf 85' lang='lat' dir='ltr'>u.</span> <span class='ocrx_word' id='word_1_85' title='bbox 765 1275 817 1374; x_wconf 82' lang='lat' dir='ltr'>V.</span> 
     </span>
    </p>
   </div>
   <div class='ocr_carea' id='block_1_4' title="bbox 329 1489 959 1572">
    <p class='ocr_par' dir='ltr' id='par_1_4' title="bbox 329 1489 959 1572">
     <span class='ocr_line' id='line_1_13' title="bbox 329 1489 959 1572; baseline -0.002 0"><span class='ocrx_word' id='word_1_86' title='bbox 329 1489 435 1572; x_wconf 82' lang='lat' dir='ltr'>DE</span> <span class='ocrx_word' id='word_1_87' title='bbox 502 1493 959 1571; x_wconf 77' lang='lat' dir='ltr'>SCYTHIA.</span> 
     </span>
    </p>
   </div>
   <div class='ocr_carea' id='block_1_5' title="bbox 118 1689 1175 2120">
    <p class='ocr_par' dir='ltr' id='par_1_5' title="bbox 118 1689 1175 2120">
     <span class='ocr_line' id='line_1_14' title="bbox 164 1689 1174 1794; baseline -0.004 -23"><span class='ocrx_word' id='word_1_88' title='bbox 164 1693 184 1770; x_wconf 79' lang='lat' dir='ltr'>i.</span> <span class='ocrx_word' id='word_1_89' title='bbox 210 1720 238 1770; x_wconf 86' lang='lat'>1.</span> <span class='ocrx_word' id='word_1_90' title='bbox 262 1699 324 1766; x_wconf 83' lang='lat' dir='ltr'>Ubi</span> <span class='ocrx_word' id='word_1_91' title='bbox 336 1705 492 1782; x_wconf 80' lang='lat' dir='ltr'><em>perpetuae</em></span> <span class='ocrx_word' id='word_1_92' title='bbox 509 1693 623 1794; x_wconf 75' lang='lat' dir='ltr'>iryemes</span> <span class='ocrx_word' id='word_1_93' title='bbox 632 1693 741 1781; x_wconf 73' lang='lat' dir='ltr'>sedeur</span> <span class='ocrx_word' id='word_1_94' title='bbox 754 1695 795 1770; x_wconf 69' lang='lat'>&amp;⁹</span> <span class='ocrx_word' id='word_1_95' title='bbox 801 1699 997 1766; x_wconf 82' lang='lat' dir='ltr'>intolerabilis</span> <span class='ocrx_word' id='word_1_96' title='bbox 1015 1689 1125 1790; x_wconf 78' lang='lat' dir='ltr'>rigor]</span> <span class='ocrx_word' id='word_1_97' title='bbox 1136 1693 1174 1778; x_wconf 69' lang='lat' dir='ltr'>ss</span> 
     </span>
     <span class='ocr_line' id='line_1_15' title="bbox 118 1781 1175 1876; baseline 0.001 -24"><span class='ocrx_word' id='word_1_98' title='bbox 118 1785 222 1872; x_wconf 71' lang='lat' dir='ltr'>hyems</span> <span class='ocrx_word' id='word_1_99' title='bbox 239 1806 300 1872; x_wconf 88' lang='lat' dir='ltr'>pro</span> <span class='ocrx_word' id='word_1_100' title='bbox 311 1785 415 1870; x_wconf 84' lang='lat' dir='ltr'>rigore</span> <span class='ocrx_word' id='word_1_101' title='bbox 431 1783 623 1864; x_wconf 78' lang='lat' dir='ltr'>accipiatur,</span> <span class='ocrx_word' id='word_1_102' title='bbox 644 1783 814 1863; x_wconf 65' lang='lat' dir='ltr'>redundarp</span> <span class='ocrx_word' id='word_1_103' title='bbox 832 1783 873 1852; x_wconf 87' lang='lat' dir='ltr'>sm</span> <span class='ocrx_word' id='word_1_104' title='bbox 887 1803 944 1866; x_wconf 84' lang='lat' dir='ltr'>pro</span> <span class='ocrx_word' id='word_1_105' title='bbox 962 1781 1026 1870; x_wconf 86' lang='lat' dir='ltr'>ipsa</span> <span class='ocrx_word' id='word_1_106' title='bbox 1040 1789 1175 1876; x_wconf 71' lang='lat' dir='ltr'>hyeme,</span> 
     </span>
     <span class='ocr_line' id='line_1_16' title="bbox 118 1860 1174 2022; baseline -0.009 -3"><span class='ocrx_word' id='word_1_107' title='bbox 118 1875 231 1956; x_wconf 64' lang='lat'>‘²⁶⁶²‘</span> <span class='ocrx_word' id='word_1_108' title='bbox 251 1866 381 2016; x_wconf 48' lang='lat' dir='ltr'>Mer-¹</span> <span class='ocrx_word' id='word_1_109' title='bbox 405 1861 437 1930; x_wconf 63' lang='lat' dir='ltr'>r</span> <span class='ocrx_word' id='word_1_110' title='bbox 453 1863 598 2014; x_wconf 57' lang='lat' dir='ltr'>ruere.</span> <span class='ocrx_word' id='word_1_111' title='bbox 614 1860 1174 2022; x_wconf 55' lang='lat' dir='ltr'>miserrimarum</span> 
     </span>
     <span class='ocr_line' id='line_1_17' title="bbox 119 1953 1171 2120; baseline -0.008 -18"><span class='ocrx_word' id='word_1_112' title='bbox 119 1953 571 2120; x_wconf 44' lang='grc' dir='ltr'>ἓὲἓῗξοὸεξεωὲρθΜεΙίοτ</span> <span class='ocrx_word' id='word_1_113' title='bbox 586 2048 664 2114; x_wconf 85' lang='lat' dir='ltr'>ergo</span> <span class='ocrx_word' id='word_1_114' title='bbox 684 2031 729 2096; x_wconf 89' lang='lat' dir='ltr'>est</span> <span class='ocrx_word' id='word_1_115' title='bbox 742 1967 891 2097; x_wconf 50' lang='lat' dir='ltr'>librorum</span> <span class='ocrx_word' id='word_1_116' title='bbox 911 1971 1171 2118; x_wconf 47' lang='grc' dir='ltr'>ᾳυοῇιιῖἀὲπῖἶῗρῖ</span> 
     </span>
    </p>
   </div>
   <div class='ocr_carea' id='block_1_6' title="bbox 119 2113 1172 2290">
    <p class='ocr_par' dir='ltr' id='par_1_6' title="bbox 119 2113 1172 2290">
     <span class='ocr_line' id='line_1_18' title="bbox 119 2113 952 2203; baseline -0.005 -17"><span class='ocrx_word' id='word_1_117' title='bbox 119 2115 206 2200; x_wconf 71' lang='lat' dir='ltr'>ssiu,</span> <span class='ocrx_word' id='word_1_118' title='bbox 228 2119 282 2203; x_wconf 88' lang='lat' dir='ltr'>qui</span> <span class='ocrx_word' id='word_1_119' title='bbox 299 2121 383 2180; x_wconf 80' lang='lat' dir='ltr'>niues</span> <span class='ocrx_word' id='word_1_120' title='bbox 395 2113 449 2182; x_wconf 82' lang='lat' dir='ltr'>bie</span> <span class='ocrx_word' id='word_1_121' title='bbox 466 2113 637 2190; x_wconf 83' lang='lat' dir='ltr'>exhibent,</span> <span class='ocrx_word' id='word_1_122' title='bbox 659 2115 744 2199; x_wconf 84' lang='lat' dir='ltr'>quod</span> <span class='ocrx_word' id='word_1_123' title='bbox 762 2115 952 2182; x_wconf 81' lang='lat' dir='ltr'>reduximus.</span> 
     </span>
     <span class='ocr_line' id='line_1_19' title="bbox 160 2189 1172 2290; baseline 0 -20"><span class='ocrx_word' id='word_1_124' title='bbox 160 2201 181 2270; x_wconf 88' lang='lat' dir='ltr'>l.</span> <span class='ocrx_word' id='word_1_125' title='bbox 205 2221 235 2286; x_wconf 77' lang='lat' dir='ltr'>p.</span> <span class='ocrx_word' id='word_1_126' title='bbox 255 2193 356 2266; x_wconf 87' lang='lat' dir='ltr'>Ver&#39;rro</span> <span class='ocrx_word' id='word_1_127' title='bbox 374 2195 556 2284; x_wconf 73' lang='lat' dir='ltr'>aequinoiiio</span> <span class='ocrx_word' id='word_1_128' title='bbox 567 2207 708 2278; x_wconf 82' lang='lat' dir='ltr'>exortus,</span> <span class='ocrx_word' id='word_1_129' title='bbox 728 2200 896 2263; x_wconf 67' lang='lat' dir='ltr'>autumnali</span> <span class='ocrx_word' id='word_1_130' title='bbox 908 2203 1022 2266; x_wconf 80' lang='lat' dir='ltr'>demum</span> <span class='ocrx_word' id='word_1_131' title='bbox 1038 2189 1172 2290; x_wconf 73' lang='lat' dir='ltr'>occidit]</span> 
     </span>
    </p>
   </div>
   <div class='ocr_carea' id='block_1_7' title="bbox 117 2279 1172 3620">
    <p class='ocr_par' dir='ltr' id='par_1_7' title="bbox 117 2279 1172 3620">
     <span class='ocr_line' id='line_1_20' title="bbox 118 2279 1170 2368; baseline 0.004 -14"><span class='ocrx_word' id='word_1_132' title='bbox 118 2279 287 2354; x_wconf 76' lang='lat' dir='ltr'>Ridiculus</span> <span class='ocrx_word' id='word_1_133' title='bbox 310 2283 408 2368; x_wconf 78' lang='lat' dir='ltr'>possit</span> <span class='ocrx_word' id='word_1_134' title='bbox 432 2280 531 2346; x_wconf 82' lang='lat' dir='ltr'>videri</span> <span class='ocrx_word' id='word_1_135' title='bbox 555 2279 748 2368; x_wconf 22' lang='lat' dir='ltr'>Pliniusllib.</span> <span class='ocrx_word' id='word_1_136' title='bbox 765 2301 817 2349; x_wconf 79' lang='grc' dir='ltr'>ιν.</span> <span class='ocrx_word' id='word_1_137' title='bbox 847 2301 915 2368; x_wconf 83' lang='lat' dir='ltr'>cap.</span> <span class='ocrx_word' id='word_1_138' title='bbox 945 2303 994 2350; x_wconf 84' lang='lat' dir='ltr'>re.</span> <span class='ocrx_word' id='word_1_139' title='bbox 1018 2286 1089 2356; x_wconf 88' lang='lat' dir='ltr'>cbm</span> <span class='ocrx_word' id='word_1_140' title='bbox 1113 2303 1170 2358; x_wconf 85' lang='lat' dir='ltr'>aut</span> 
     </span>
     <span class='ocr_line' id='line_1_21' title="bbox 117 2360 1172 2450; baseline 0.003 -15"><span class='ocrx_word' id='word_1_141' title='bbox 117 2369 241 2436; x_wconf 87' lang='lat' dir='ltr'>Melam</span> <span class='ocrx_word' id='word_1_142' title='bbox 252 2409 265 2449; x_wconf 76' lang='lat'>,</span> <span class='ocrx_word' id='word_1_143' title='bbox 278 2384 334 2436; x_wconf 84' lang='lat' dir='ltr'>aur</span> <span class='ocrx_word' id='word_1_144' title='bbox 350 2363 457 2432; x_wconf 86' lang='lat' dir='ltr'>saltem</span> <span class='ocrx_word' id='word_1_145' title='bbox 468 2367 548 2430; x_wconf 79' lang='lat' dir='ltr'>bunc</span> <span class='ocrx_word' id='word_1_146' title='bbox 561 2360 745 2430; x_wconf 86' lang='lat' dir='ltr'>sementiam</span> <span class='ocrx_word' id='word_1_147' title='bbox 758 2365 880 2448; x_wconf 85' lang='lat' dir='ltr'>rejicit,</span> <span class='ocrx_word' id='word_1_148' title='bbox 894 2367 1100 2450; x_wconf 82' lang='lat' dir='ltr'>&amp;imperitos</span> <span class='ocrx_word' id='word_1_149' title='bbox 1110 2392 1172 2448; x_wconf 85' lang='lat' dir='ltr'>vo·¹</span> 
     </span>
     <span class='ocr_line' id='line_1_22' title="bbox 119 2447 1169 2537; baseline 0.003 -19"><span class='ocrx_word' id='word_1_150' title='bbox 119 2465 194 2530; x_wconf 83' lang='lat' dir='ltr'>cat,</span> <span class='ocrx_word' id='word_1_151' title='bbox 214 2453 268 2533; x_wconf 81' lang='lat' dir='ltr'>qui</span> <span class='ocrx_word' id='word_1_152' title='bbox 289 2449 383 2516; x_wconf 89' lang='lat' dir='ltr'>solem</span> <span class='ocrx_word' id='word_1_153' title='bbox 404 2466 503 2514; x_wconf 88' lang='lat' dir='ltr'>verno</span> <span class='ocrx_word' id='word_1_154' title='bbox 524 2447 726 2528; x_wconf 69' lang='lat' dir='ltr'>aequinouio</span> <span class='ocrx_word' id='word_1_155' title='bbox 752 2451 825 2514; x_wconf 87' lang='lat' dir='ltr'>oriri</span> <span class='ocrx_word' id='word_1_156' title='bbox 852 2451 1089 2537; x_wconf 83' lang='lat' dir='ltr'>Hyperboreir‚</span> <span class='ocrx_word' id='word_1_157' title='bbox 1116 2469 1169 2521; x_wconf 85' lang='lat' dir='ltr'>au·-</span> 
     </span>
     <span class='ocr_line' id='line_1_23' title="bbox 118 2527 1168 2618; baseline 0.001 -12"><span class='ocrx_word' id='word_1_158' title='bbox 118 2537 249 2606; x_wconf 86' lang='lat' dir='ltr'>tumnaii</span> <span class='ocrx_word' id='word_1_159' title='bbox 263 2535 341 2600; x_wconf 83' lang='lat' dir='ltr'>verb</span> <span class='ocrx_word' id='word_1_160' title='bbox 357 2532 505 2598; x_wconf 75' lang='lat' dir='ltr'>occidere</span> <span class='ocrx_word' id='word_1_161' title='bbox 518 2530 708 2598; x_wconf 84' lang='lat' dir='ltr'>existimant:</span> <span class='ocrx_word' id='word_1_162' title='bbox 730 2527 794 2618; x_wconf 88' lang='lat' dir='ltr'>ipse</span> <span class='ocrx_word' id='word_1_163' title='bbox 812 2534 893 2600; x_wconf 86' lang='lat' dir='ltr'>enim</span> <span class='ocrx_word' id='word_1_164' title='bbox 910 2535 1009 2600; x_wconf 83' lang='lat' dir='ltr'>credit</span> <span class='ocrx_word' id='word_1_165' title='bbox 1029 2535 1126 2604; x_wconf 79' lang='lat' dir='ltr'>semei</span> <span class='ocrx_word' id='word_1_166' title='bbox 1134 2541 1168 2607; x_wconf 91' lang='lat' dir='ltr'>iu</span> 
     </span>
     <span class='ocr_line' id='line_1_24' title="bbox 117 2613 1169 2700; baseline -0.002 -12"><span class='ocrx_word' id='word_1_167' title='bbox 117 2631 200 2688; x_wconf 71' lang='lat' dir='ltr'>anuo</span> <span class='ocrx_word' id='word_1_168' title='bbox 215 2615 346 2684; x_wconf 83' lang='lat' dir='ltr'>solstitio</span> <span class='ocrx_word' id='word_1_169' title='bbox 358 2633 469 2700; x_wconf 84' lang='lat' dir='ltr'><em>nempe</em></span> <span class='ocrx_word' id='word_1_170' title='bbox 482 2615 556 2680; x_wconf 88' lang='lat' dir='ltr'>oriri</span> <span class='ocrx_word' id='word_1_171' title='bbox 578 2613 615 2680; x_wconf 87' lang='lat' dir='ltr'>iis</span> <span class='ocrx_word' id='word_1_172' title='bbox 630 2613 732 2693; x_wconf 88' lang='lat' dir='ltr'>soles,</span> <span class='ocrx_word' id='word_1_173' title='bbox 752 2617 923 2698; x_wconf 78' lang='lat' dir='ltr'>brumaque</span> <span class='ocrx_word' id='word_1_174' title='bbox 939 2615 1032 2684; x_wconf 86' lang='lat' dir='ltr'>semel</span> <span class='ocrx_word' id='word_1_175' title='bbox 1046 2623 1169 2686; x_wconf 87' lang='lat' dir='ltr'>occide-</span> 
     </span>
     <span class='ocr_line' id='line_1_25' title="bbox 119 2697 1172 2788; baseline 0.006 -22"><span class='ocrx_word' id='word_1_176' title='bbox 119 2713 164 2772; x_wconf 85' lang='lat' dir='ltr'>r&#39;e.</span> <span class='ocrx_word' id='word_1_177' title='bbox 205 2702 266 2768; x_wconf 84' lang='lat' dir='ltr'>Sed</span> <span class='ocrx_word' id='word_1_178' title='bbox 284 2697 444 2766; x_wconf 83' lang='lat' dir='ltr'>manifeste</span> <span class='ocrx_word' id='word_1_179' title='bbox 469 2697 604 2774; x_wconf 81' lang='lat' dir='ltr'>erravit,</span> <span class='ocrx_word' id='word_1_180' title='bbox 626 2697 656 2762; x_wconf 79' lang='lat' dir='ltr'>br</span> <span class='ocrx_word' id='word_1_181' title='bbox 678 2697 907 2782; x_wconf 69' lang='lat' dir='ltr'>Hyperboreos</span> <span class='ocrx_word' id='word_1_182' title='bbox 931 2715 1002 2764; x_wconf 89' lang='lat' dir='ltr'>cum</span> <span class='ocrx_word' id='word_1_183' title='bbox 1022 2699 1172 2788; x_wconf 71' lang='lat' dir='ltr'>Thulit&#39;ie¹</span> 
     </span>
     <span class='ocr_line' id='line_1_26' title="bbox 117 2778 1172 2866; baseline 0.006 -19"><span class='ocrx_word' id='word_1_184' title='bbox 117 2781 283 2860; x_wconf 86' lang='lat' dir='ltr'>confudit,</span> <span class='ocrx_word' id='word_1_185' title='bbox 299 2786 370 2848; x_wconf 79' lang='lat' dir='ltr'>cum</span> <span class='ocrx_word' id='word_1_186' title='bbox 397 2799 498 2848; x_wconf 86' lang='lat' dir='ltr'>tamen</span> <span class='ocrx_word' id='word_1_187' title='bbox 527 2780 729 2866; x_wconf 75' lang='lat' dir='ltr'>Hyperborei</span> <span class='ocrx_word' id='word_1_188' title='bbox 755 2778 812 2846; x_wconf 92' lang='lat' dir='ltr'>sub</span> <span class='ocrx_word' id='word_1_189' title='bbox 831 2779 898 2860; x_wconf 82' lang='lat' dir='ltr'>ipso</span> <span class='ocrx_word' id='word_1_190' title='bbox 923 2783 1026 2848; x_wconf 88' lang='lat' dir='ltr'>mundi</span> <span class='ocrx_word' id='word_1_191' title='bbox 1044 2787 1172 2853; x_wconf 78' lang='lat' dir='ltr'>cardine</span> 
     </span>
     <span class='ocr_line' id='line_1_27' title="bbox 119 2859 1166 2948; baseline 0.003 -13"><span class='ocrx_word' id='word_1_192' title='bbox 119 2865 354 2943; x_wconf 84' lang='lat' dir='ltr'>describantur,</span> <span class='ocrx_word' id='word_1_193' title='bbox 368 2865 431 2932; x_wconf 89' lang='lat' dir='ltr'>hoe</span> <span class='ocrx_word' id='word_1_194' title='bbox 448 2865 510 2944; x_wconf 83' lang='lat' dir='ltr'>est,</span> <span class='ocrx_word' id='word_1_195' title='bbox 532 2860 589 2928; x_wconf 88' lang='lat' dir='ltr'>sub</span> <span class='ocrx_word' id='word_1_196' title='bbox 604 2863 678 2948; x_wconf 89' lang='lat' dir='ltr'>polo</span> <span class='ocrx_word' id='word_1_197' title='bbox 694 2865 822 2946; x_wconf 85' lang='lat' dir='ltr'>mundi,</span> <span class='ocrx_word' id='word_1_198' title='bbox 837 2863 945 2931; x_wconf 86' lang='lat' dir='ltr'>Thule</span> <span class='ocrx_word' id='word_1_199' title='bbox 957 2867 1036 2934; x_wconf 87' lang='lat' dir='ltr'>verb</span> <span class='ocrx_word' id='word_1_200' title='bbox 1047 2859 1166 2938; x_wconf 71' lang='lat' dir='ltr'>uacua</span> 
     </span>
     <span class='ocr_line' id='line_1_28' title="bbox 118 2947 1166 3040; baseline 0.001 -22"><span class='ocrx_word' id='word_1_201' title='bbox 118 2951 195 3040; x_wconf 90' lang='lat' dir='ltr'>polo</span> <span class='ocrx_word' id='word_1_202' title='bbox 211 2949 341 3018; x_wconf 84' lang='lat' dir='ltr'>Zodiaci</span> <span class='ocrx_word' id='word_1_203' title='bbox 365 2947 477 3030; x_wconf 86' lang='lat' dir='ltr'>subiit,</span> <span class='ocrx_word' id='word_1_204' title='bbox 495 2949 583 3032; x_wconf 83' lang='lat' dir='ltr'>juxta</span> <span class='ocrx_word' id='word_1_205' title='bbox 599 2947 783 3032; x_wconf 77' lang='lat' dir='ltr'>hypothesin</span> <span class='ocrx_word' id='word_1_206' title='bbox 805 2947 922 3016; x_wconf 84' lang='lat' dir='ltr'>Melae.</span> <span class='ocrx_word' id='word_1_207' title='bbox 966 2949 1066 3017; x_wconf 71' lang='lat' dir='ltr'>Reor</span> <span class='ocrx_word' id='word_1_208' title='bbox 1086 2952 1166 3019; x_wconf 85' lang='lat' dir='ltr'>verb</span> 
     </span>
     <span class='ocr_line' id='line_1_29' title="bbox 119 3029 1167 3118; baseline -0.003 -14"><span class='ocrx_word' id='word_1_209' title='bbox 119 3039 160 3104; x_wconf 89' lang='lat' dir='ltr'>de</span> <span class='ocrx_word' id='word_1_210' title='bbox 175 3034 239 3100; x_wconf 82' lang='lat' dir='ltr'>iliis</span> <span class='ocrx_word' id='word_1_211' title='bbox 253 3033 305 3118; x_wconf 88' lang='lat' dir='ltr'>qui</span> <span class='ocrx_word' id='word_1_212' title='bbox 321 3033 352 3097; x_wconf 89' lang='lat' dir='ltr'>in</span> <span class='ocrx_word' id='word_1_213' title='bbox 368 3031 474 3098; x_wconf 80' lang='lat' dir='ltr'>Thule</span> <span class='ocrx_word' id='word_1_214' title='bbox 487 3031 642 3108; x_wconf 71' lang='lat' dir='ltr'>habitant,</span> <span class='ocrx_word' id='word_1_215' title='bbox 667 3032 726 3094; x_wconf 88' lang='lat' dir='ltr'>boe</span> <span class='ocrx_word' id='word_1_216' title='bbox 739 3029 803 3106; x_wconf 89' lang='lat' dir='ltr'>est,</span> <span class='ocrx_word' id='word_1_217' title='bbox 824 3031 864 3096; x_wconf 93' lang='lat' dir='ltr'>de</span> <span class='ocrx_word' id='word_1_218' title='bbox 877 3029 1062 3115; x_wconf 80' lang='lat' dir='ltr'>Norwagis,</span> <span class='ocrx_word' id='word_1_219' title='bbox 1085 3035 1127 3100; x_wconf 88' lang='lat' dir='ltr'>La</span> <span class='ocrx_word' id='word_1_220' title='bbox 1154 3073 1167 3088; x_wconf 91' lang='lat'>·</span> 
     </span>
     <span class='ocr_line' id='line_1_30' title="bbox 118 3055 1169 3209; baseline 0 -23"><span class='ocrx_word' id='word_1_221' title='bbox 118 3117 275 3206; x_wconf 78' lang='lat' dir='ltr'>pupibus,</span> <span class='ocrx_word' id='word_1_222' title='bbox 294 3115 324 3180; x_wconf 78' lang='lat' dir='ltr'>br</span> <span class='ocrx_word' id='word_1_223' title='bbox 344 3115 465 3182; x_wconf 85' lang='lat' dir='ltr'>issandis</span> <span class='ocrx_word' id='word_1_224' title='bbox 484 3113 540 3209; x_wconf 77' lang='lat' dir='ltr'>sub</span> <span class='ocrx_word' id='word_1_225' title='bbox 554 3113 671 3178; x_wconf 68' lang='lat' dir='ltr'>arbrico</span> <span class='ocrx_word' id='word_1_226' title='bbox 684 3111 749 3178; x_wconf 77' lang='lat' dir='ltr'>siris</span> <span class='ocrx_word' id='word_1_227' title='bbox 764 3115 904 3192; x_wconf 80' lang='lat' dir='ltr'>circulo,</span> <span class='ocrx_word' id='word_1_228' title='bbox 917 3113 1051 3196; x_wconf 85' lang='lat' dir='ltr'>dicitur,</span> <span class='ocrx_word' id='word_1_229' title='bbox 1068 3055 1169 3186; x_wconf 55' lang='lat' dir='ltr'>solifi-</span> 
     </span>
     <span class='ocr_line' id='line_1_31' title="bbox 118 3193 1167 3276; baseline 0 -7"><span class='ocrx_word' id='word_1_230' title='bbox 118 3203 166 3268; x_wconf 86' lang='lat' dir='ltr'>rio</span> <span class='ocrx_word' id='word_1_231' title='bbox 182 3201 222 3266; x_wconf 83' lang='lat' dir='ltr'>iis</span> <span class='ocrx_word' id='word_1_232' title='bbox 242 3197 338 3265; x_wconf 81' lang='lat' dir='ltr'>solem</span> <span class='ocrx_word' id='word_1_233' title='bbox 354 3197 446 3264; x_wconf 85' lang='lat' dir='ltr'>iemel</span> <span class='ocrx_word' id='word_1_234' title='bbox 466 3198 560 3276; x_wconf 78' lang='lat' dir='ltr'>oriri,</span> <span class='ocrx_word' id='word_1_235' title='bbox 581 3197 689 3262; x_wconf 82' lang='lat' dir='ltr'>bruma</span> <span class='ocrx_word' id='word_1_236' title='bbox 705 3193 782 3261; x_wconf 88' lang='lat' dir='ltr'>verb</span> <span class='ocrx_word' id='word_1_237' title='bbox 804 3194 899 3266; x_wconf 86' lang='lat' dir='ltr'>semel</span> <span class='ocrx_word' id='word_1_238' title='bbox 915 3201 1077 3267; x_wconf 75' lang='lat' dir='ltr'>occidere:</span> <span class='ocrx_word' id='word_1_239' title='bbox 1095 3202 1167 3270; x_wconf 80' lang='lat' dir='ltr'>cum</span> 
     </span>
     <span class='ocr_line' id='line_1_32' title="bbox 118 3277 1168 3368; baseline 0 -16"><span class='ocrx_word' id='word_1_240' title='bbox 118 3287 200 3352; x_wconf 88' lang='lat' dir='ltr'>enim</span> <span class='ocrx_word' id='word_1_241' title='bbox 225 3291 291 3362; x_wconf 88' lang='lat' dir='ltr'>per&#39;</span> <span class='ocrx_word' id='word_1_242' title='bbox 305 3297 407 3348; x_wconf 87' lang='lat' dir='ltr'>totum</span> <span class='ocrx_word' id='word_1_243' title='bbox 427 3299 540 3348; x_wconf 88' lang='lat' dir='ltr'>anuum</span> <span class='ocrx_word' id='word_1_244' title='bbox 559 3277 605 3344; x_wconf 87' lang='lat' dir='ltr'>soi</span> <span class='ocrx_word' id='word_1_245' title='bbox 630 3281 665 3346; x_wconf 89' lang='lat' dir='ltr'>iis</span> <span class='ocrx_word' id='word_1_246' title='bbox 683 3281 825 3366; x_wconf 87' lang='lat' dir='ltr'>quotidie</span> <span class='ocrx_word' id='word_1_247' title='bbox 839 3283 956 3347; x_wconf 85' lang='lat' dir='ltr'>oriatur</span> <span class='ocrx_word' id='word_1_248' title='bbox 972 3281 1003 3348; x_wconf 76' lang='lat' dir='ltr'>be</span> <span class='ocrx_word' id='word_1_249' title='bbox 1021 3287 1168 3368; x_wconf 88' lang='lat' dir='ltr'>occidat,</span> 
     </span>
     <span class='ocr_line' id='line_1_33' title="bbox 118 3363 1172 3455; baseline 0.003 -19"><span class='ocrx_word' id='word_1_250' title='bbox 118 3371 239 3436; x_wconf 88' lang='lat' dir='ltr'>duobus</span> <span class='ocrx_word' id='word_1_251' title='bbox 255 3381 374 3432; x_wconf 79' lang='lat' dir='ltr'>taurum</span> <span class='ocrx_word' id='word_1_252' title='bbox 388 3365 583 3450; x_wconf 83' lang='lat' dir='ltr'>temporibus</span> <span class='ocrx_word' id='word_1_253' title='bbox 598 3364 628 3428; x_wconf 89' lang='lat' dir='ltr'>id</span> <span class='ocrx_word' id='word_1_254' title='bbox 644 3383 706 3430; x_wconf 88' lang='lat' dir='ltr'>uun</span> <span class='ocrx_word' id='word_1_255' title='bbox 714 3365 890 3451; x_wconf 83' lang='lat' dir='ltr'>contingit,</span> <span class='ocrx_word' id='word_1_256' title='bbox 908 3363 1039 3434; x_wconf 87' lang='lat' dir='ltr'>solstitio</span> <span class='ocrx_word' id='word_1_257' title='bbox 1052 3387 1172 3455; x_wconf 78' lang='lat' dir='ltr'>nempe.</span> 
     </span>
     <span class='ocr_line' id='line_1_34' title="bbox 117 3445 1167 3536; baseline 0.002 -20"><span class='ocrx_word' id='word_1_258' title='bbox 117 3447 147 3520; x_wconf 76' lang='lat' dir='ltr'>u</span> <span class='ocrx_word' id='word_1_259' title='bbox 166 3451 284 3516; x_wconf 89' lang='lat' dir='ltr'>bruma.</span> <span class='ocrx_word' id='word_1_260' title='bbox 328 3449 468 3516; x_wconf 85' lang='lat' dir='ltr'>solstitio</span> <span class='ocrx_word' id='word_1_261' title='bbox 485 3449 629 3534; x_wconf 81' lang='lat' dir='ltr'>quippe,</span> <span class='ocrx_word' id='word_1_262' title='bbox 661 3447 733 3511; x_wconf 85' lang='lat' dir='ltr'>cbm</span> <span class='ocrx_word' id='word_1_263' title='bbox 757 3445 802 3512; x_wconf 87' lang='lat' dir='ltr'>soi</span> <span class='ocrx_word' id='word_1_264' title='bbox 824 3447 1023 3532; x_wconf 77' lang='lat' dir='ltr'>quadraginta</span> <span class='ocrx_word' id='word_1_265' title='bbox 1043 3449 1167 3536; x_wconf 85' lang='lat' dir='ltr'>septem·</span> 
     </span>
     <span class='ocr_line' id='line_1_35' title="bbox 117 3529 1168 3620; baseline 0.005 -20"><span class='ocrx_word' id='word_1_266' title='bbox 117 3535 262 3620; x_wconf 79' lang='lat' dir='ltr'>grauibus</span> <span class='ocrx_word' id='word_1_267' title='bbox 277 3529 365 3618; x_wconf 86' lang='lat' dir='ltr'>supra</span> <span class='ocrx_word' id='word_1_268' title='bbox 382 3531 582 3598; x_wconf 83' lang='lat' dir='ltr'>horizontem</span> <span class='ocrx_word' id='word_1_269' title='bbox 598 3529 714 3611; x_wconf 81' lang='lat' dir='ltr'>exstat,</span> <span class='ocrx_word' id='word_1_270' title='bbox 736 3547 805 3598; x_wconf 87' lang='lat' dir='ltr'>rum</span> <span class='ocrx_word' id='word_1_271' title='bbox 822 3551 882 3598; x_wconf 89' lang='lat' dir='ltr'>non</span> <span class='ocrx_word' id='word_1_272' title='bbox 896 3531 1037 3613; x_wconf 86' lang='lat' dir='ltr'>occidit,</span> <span class='ocrx_word' id='word_1_273' title='bbox 1054 3533 1105 3602; x_wconf 88' lang='lat' dir='ltr'>sed</span> <span class='ocrx_word' id='word_1_274' title='bbox 1120 3555 1168 3606; x_wconf 85' lang='lat' dir='ltr'>to·</span> 
     </span>
    </p>
   </div>
   <div class='ocr_carea' id='block_1_8' title="bbox 118 3610 1280 3700">
    <p class='ocr_par' dir='ltr' id='par_1_8' title="bbox 118 3610 1280 3700">
     <span class='ocr_line' id='line_1_36' title="bbox 118 3610 1280 3700; baseline 0.003 -16"><span class='ocrx_word' id='word_1_275' title='bbox 118 3633 152 3684; x_wconf 88' lang='lat' dir='ltr'>to</span> <span class='ocrx_word' id='word_1_276' title='bbox 169 3615 225 3683; x_wconf 91' lang='lat' dir='ltr'>suo</span> <span class='ocrx_word' id='word_1_277' title='bbox 252 3615 374 3680; x_wconf 80' lang='lat' dir='ltr'>circulo</span> <span class='ocrx_word' id='word_1_278' title='bbox 396 3612 581 3700; x_wconf 82' lang='lat' dir='ltr'>conspicuus</span> <span class='ocrx_word' id='word_1_279' title='bbox 598 3613 665 3695; x_wconf 90' lang='lat' dir='ltr'>est,</span> <span class='ocrx_word' id='word_1_280' title='bbox 688 3629 839 3698; x_wconf 87' lang='lat' dir='ltr'>totusque</span> <span class='ocrx_word' id='word_1_281' title='bbox 861 3614 1091 3698; x_wconf 83' lang='lat' dir='ltr'>quodammodo</span> <span class='ocrx_word' id='word_1_282' title='bbox 1105 3623 1169 3688; x_wconf 89' lang='lat' dir='ltr'>ori·</span> <span class='ocrx_word' id='word_1_283' title='bbox 1274 3610 1280 3625; x_wconf 52' lang='lat'><em>¹</em></span> 
     </span>
    </p>
   </div>
   <div class='ocr_carea' id='block_1_9' title="bbox 117 3695 1175 4020">
    <p class='ocr_par' dir='ltr' id='par_1_9' title="bbox 117 3695 1175 4020">
     <span class='ocr_line' id='line_1_37' title="bbox 120 3695 1170 3784; baseline 0.005 -19"><span class='ocrx_word' id='word_1_284' title='bbox 120 3715 188 3778; x_wconf 83' lang='lat' dir='ltr'>rur,</span> <span class='ocrx_word' id='word_1_285' title='bbox 209 3699 299 3766; x_wconf 77' lang='lat' dir='ltr'>simili</span> <span class='ocrx_word' id='word_1_286' title='bbox 311 3715 408 3782; x_wconf 89' lang='lat' dir='ltr'>arque</span> <span class='ocrx_word' id='word_1_287' title='bbox 420 3697 570 3764; x_wconf 75' lang='lat' dir='ltr'>fabulosis</span> <span class='ocrx_word' id='word_1_288' title='bbox 583 3695 800 3784; x_wconf 83' lang='lat' dir='ltr'>Hyperboreis</span> <span class='ocrx_word' id='word_1_289' title='bbox 808 3715 901 3776; x_wconf 87' lang='lat' dir='ltr'>ortu,</span> <span class='ocrx_word' id='word_1_290' title='bbox 919 3699 993 3763; x_wconf 85' lang='lat' dir='ltr'>licet</span> <span class='ocrx_word' id='word_1_291' title='bbox 1013 3701 1051 3764; x_wconf 85' lang='lat' dir='ltr'>ad</span> <span class='ocrx_word' id='word_1_292' title='bbox 1068 3702 1170 3771; x_wconf 76' lang='lat' dir='ltr'>breve</span> 
     </span>
     <span class='ocr_line' id='line_1_38' title="bbox 117 3780 1169 3870; baseline 0.006 -22"><span class='ocrx_word' id='word_1_293' title='bbox 117 3781 258 3868; x_wconf 85' lang='lat' dir='ltr'>spatium.</span> <span class='ocrx_word' id='word_1_294' title='bbox 299 3785 414 3848; x_wconf 84' lang='lat' dir='ltr'>Bruma</span> <span class='ocrx_word' id='word_1_295' title='bbox 431 3785 510 3846; x_wconf 83' lang='lat' dir='ltr'>verb</span> <span class='ocrx_word' id='word_1_296' title='bbox 525 3780 570 3846; x_wconf 88' lang='lat' dir='ltr'>sol</span> <span class='ocrx_word' id='word_1_297' title='bbox 589 3782 625 3844; x_wconf 85' lang='lat' dir='ltr'>iis</span> <span class='ocrx_word' id='word_1_298' title='bbox 640 3781 779 3860; x_wconf 86' lang='lat' dir='ltr'>occidit,</span> <span class='ocrx_word' id='word_1_299' title='bbox 802 3781 876 3860; x_wconf 77' lang='lat' dir='ltr'>onia</span> <span class='ocrx_word' id='word_1_300' title='bbox 892 3797 958 3846; x_wconf 87' lang='lat' dir='ltr'>tum</span> <span class='ocrx_word' id='word_1_301' title='bbox 974 3799 1035 3848; x_wconf 88' lang='lat' dir='ltr'>non</span> <span class='ocrx_word' id='word_1_302' title='bbox 1047 3785 1169 3870; x_wconf 84' lang='lat' dir='ltr'>oritur,</span> 
     </span>
     <span class='ocr_line' id='line_1_39' title="bbox 117 3860 1175 4020; baseline 0.001 -85"><span class='ocrx_word' id='word_1_303' title='bbox 117 3871 187 3936; x_wconf 82' lang='lat' dir='ltr'>roto</span> <span class='ocrx_word' id='word_1_304' title='bbox 205 3871 290 3936; x_wconf 90' lang='lat' dir='ltr'>euim</span> <span class='ocrx_word' id='word_1_305' title='bbox 306 3863 363 3934; x_wconf 91' lang='lat' dir='ltr'>suu</span> <span class='ocrx_word' id='word_1_306' title='bbox 380 3865 502 3990; x_wconf 82' lang='lat' dir='ltr'>circulo</span> <span class='ocrx_word' id='word_1_307' title='bbox 516 3860 573 3931; x_wconf 90' lang='lat' dir='ltr'>sub</span> <span class='ocrx_word' id='word_1_308' title='bbox 592 3879 704 3931; x_wconf 85' lang='lat' dir='ltr'>terram</span> <span class='ocrx_word' id='word_1_309' title='bbox 722 3863 877 3932; x_wconf 86' lang='lat' dir='ltr'>conditur.</span> <span class='ocrx_word' id='word_1_310' title='bbox 923 3863 1033 3952; x_wconf 77' lang='lat' dir='ltr'>itaque</span> <span class='ocrx_word' id='word_1_311' title='bbox 1054 3865 1175 4020; x_wconf 48' lang='lat' dir='ltr'>Tbutig</span> 
     </span>
    </p>
   </div>
   <div class='ocr_carea' id='block_1_10' title="bbox 0 0 1384 4542">
    <p class='ocr_par' dir='ltr' id='par_1_10' title="bbox 0 0 1384 4542">
     <span class='ocr_line' id='line_1_40' title="bbox 0 0 1384 4542; baseline 0 0"><span class='ocrx_word' id='word_1_312' title='bbox 0 0 1384 4542; x_wconf 95' lang='lat' dir='ltr'> </span> 
     </span>
    </p>
   </div>
  </div>
 </body>
</html>
