2716 4552
389 243 1165 346 rasennam

246 471 278 542 ‚·,
307 433 625 524 Narratiunculis
645 447 846 541 praeterea
863 449 956 516 ante
984 433 1224 542 singularum
1255 431 1319 516 dr

250 605 282 654 „
313 549 546 660 fignationcs
568 543 627 626 usr
649 543 737 625 satis
758 541 964 641 dilucidis,
995 549 1137 650 quibus
1163 567 1278 632 vete

248 721 281 764 „
312 663 352 742 dt
368 681 474 743 nova
494 679 625 737 aarum
649 655 848 750 nomina,
872 659 1062 750 ambitus,
1090 663 1315 763 portuum

248 832 279 877 „
310 795 388 877 que
407 787 522 870 atque
538 767 636 847 aens
655 765 882 868 qualitates,
912 767 1198 874 hominumque
1218 773 1324 851 mol

250 943 281 987 „
311 907 401 978 res,
428 875 470 960 δι
494 879 563 981 qui
583 878 623 958 in
642 877 702 956 his
726 874 968 988 claruerunt3
1003 895 1204 984 praeterea
1237 849 1324 961 sod

250 1053 282 1098 ‚,
311 993 451 1086 doteS,
482 984 524 1070 δι
543 1009 643 1092 quac
664 981 856 1082 desertae,
887 1013 1038 1093 quaeve
1056 991 1183 1070 cultae
1203 984 1325 1084 finti

252 1163 284 1210 ‚,
314 1099 432 1194 facile
461 1099 574 1182 slmul
604 1095 884 1200 verissimeque
915 1097 1064 1182 Leslor
1098 1103 1325 1208 percipere

252 1275 285 1323 ,‚
313 1213 451 1323 possrt
517 1207 749 1315 Adjecimns
785 1206 824 1288 δε
851 1211 963 1315 juxta
989 1211 1073 1315 ejus
1099 1213 1326 1318 navigato«

253 1389 286 1437 ‚,
314 1327 391 1409 riae
416 1322 570 1404 chartae
594 1341 772 1402 normam
800 1318 932 1400 littora
956 1321 1192 1402 continentis
1220 1319 1326 1402 fere

253 1499 286 1548 ,,
315 1437 446 1520 omnia
466 1459 489 1527 ,·
534 1433 715 1512 locorum
760 1446 1027 1535 potatumque
1078 1433 1322 1514 nominibus

254 1609 286 1658 „
315 1545 499 1653 scriptis,
550 1543 690 1644 quibus
724 1537 855 1620 nostra
886 1541 1008 1621 utitur
1041 1557 1175 1621 aetas:
1231 1565 1328 1626 nec,

256 1723 288 1767 „
316 1651 644 1767 praetermisrmns
672 1646 857 1754 quasdam
880 1649 1106 1758 'peninsulas
1135 1653 1319 1734 nobilio-

256 1831 287 1878 „
316 1792 378 1852 res
394 1760 634 1856 describere,
666 1758 892 1864 Italiamque
911 1762 1162 1845 clarissrmunr
1180 1765 1329 1844 totitas

256 1941 289 1989 ‚,
318 1874 542 1960 habitabilis
568 1871 711 1968 decus,
747 1867 791 1951 dt
812 1866 951 1975 Syriae
972 1889 1147 1978 partem,
1185 1899 1314 1977 quam

258 1989 485 2100 „Terram
523 1979 704 2066 Suadam
740 1983 939 2089 appellant
972 1981 1115 2081 nostri,
1158 1981 1313 2091 Hispa-

256 2160 290 2209 „
319 2101 449 2192 niam,
487 2095 654 2178 Galliam
683 2111 801 2196 atque
820 2094 1072 2176 Germaniam
1089 2096 1168 2176 hoc
1187 2101 1313 2176 etiarn

259 2207 453 2318 „nostro
487 2205 620 2288 libello
660 2202 934 2286 conclusrmus.
1000 2204 1176 2288 Nomina
1209 2227 1312 2287 vero

257 2383 291 2432 „
320 2318 531 2406 insularum
555 2339 645 2398 cum
675 2313 795 2420 prisca
822 2331 906 2395 tum
932 2339 1039 2398 nova
1063 2315 1179 2399 series
1205 2314 1313 2398 infra

242 2471 290 2541 ·‚,
319 2432 462 2538 scripta
487 2427 730 2510 monstrabit.
762 2477 792 2520 „
820 2422 944 2505 Porro
979 2451 1067 2533 pag.
1102 2429 1168 2528 56.
1200 2423 1313 2535 post-

258 2567 378 2654 quam
411 2535 652 2620 Britanniam
684 2538 817 2621 verbis
849 2533 985 2618 Isidori
1027 2534 1308 2645 descripserat,

191 2755 193 2760 Ι
260 2655 388 2752 addit:
426 2703 457 2746 „
493 2649 736 2754 Pomponius
769 2645 913 2728 Mella:
955 2643 1164 2729 Britannia
1186 2647 1309 2754 qualis

261 2825 291 2870 „
310 2763 360 2872 fil
389 2821 400 2840 .
431 2819 441 2840 .
474 2820 485 2842 .
515 2817 526 2840 .
557 2773 740 2866 expertus.
768 2756 790 2788 ”
820 2754 942 2860 idque
963 2757 1098 2840 Melae
1114 2757 1309 2868 fragmen·

261 2899 349 2962 turn
366 2898 388 2954 a
406 2895 471 2952 me
488 2891 649 2975 quoque
670 2866 874 2950 excussum
893 2867 971 2964 cll,
1001 2866 1154 2950 &Era
1189 2891 1225 2946 2.
1245 2872 1306 2949 ,in

261 2987 370 3073 notis
389 2985 654 3090 appellatum..
698 2977 820 3064 Hisce
847 2982 967 3088 igitur
986 2982 1138 3078 fruere,
1164 2977 1309 3064 Erudi-

264 3119 305 3184 te
328 3095 496 3192 Lector,
523 3093 563 3176 &
585 3092 689 3177 valta
1041 3113 1046 3124 ·
