<?xml version="1.0" encoding="UTF-8"?>
<!DOCTYPE html PUBLIC "-//W3C//DTD XHTML 1.0 Transitional//EN"
    "http://www.w3.org/TR/xhtml1/DTD/xhtml1-transitional.dtd">
<html xmlns="http://www.w3.org/1999/xhtml" xml:lang="en" lang="en">
 <head>
  <title>
</title>
<meta http-equiv="Content-Type" content="text/html;charset=utf-8" />
  <meta name='ocr-system' content='tesseract 3.04.00' />
  <meta name='ocr-capabilities' content='ocr_page ocr_carea ocr_par ocr_line ocrx_word'/>
</head>
<body>
  <div class='ocr_page' id='page_1' title='image "./pomponiimelaede00soligoog_1089.png"; bbox 0 0 2714 4534; ppageno 0'>
   <div class='ocr_carea' id='block_1_1' title="bbox 206 193 1173 286">
    <p class='ocr_par' dir='ltr' id='par_1_1' title="bbox 206 193 1173 286">
     <span class='ocr_line' id='line_1_1' title="bbox 206 193 1173 286; baseline -0.007 -9"><span class='ocrx_word' id='word_1_1' title='bbox 206 221 275 278; x_wconf 75' lang='lat' dir='ltr'>tr</span> <span class='ocrx_word' id='word_1_2' title='bbox 325 193 974 275; x_wconf 69' lang='lat' dir='ltr'><strong>PRAEFATIONES.</strong></span> <span class='ocrx_word' id='word_1_3' title='bbox 1027 207 1173 286; x_wconf 61' lang='lat' dir='ltr'>nott⁴</span> 
     </span>
    </p>
   </div>
   <div class='ocr_carea' id='block_1_2' title="bbox 52 606 1114 742">
    <p class='ocr_par' dir='ltr' id='par_1_2' title="bbox 52 606 1114 742">
     <span class='ocr_line' id='line_1_2' title="bbox 52 606 1114 742; baseline -0.013 -2"><span class='ocrx_word' id='word_1_4' title='bbox 52 606 1114 742; x_wconf 70' lang='lat' dir='ltr'>enarratio</span> 
     </span>
    </p>
   </div>
   <div class='ocr_carea' id='block_1_3' title="bbox 541 814 632 884">
    <p class='ocr_par' dir='ltr' id='par_1_3' title="bbox 541 814 632 884">
     <span class='ocr_line' id='line_1_3' title="bbox 541 814 632 884; baseline 0.022 -2"><span class='ocrx_word' id='word_1_5' title='bbox 541 814 632 884; x_wconf 89' lang='lat' dir='ltr'>IN</span> 
     </span>
    </p>
   </div>
   <div class='ocr_carea' id='block_1_4' title="bbox 136 960 1036 1158">
    <p class='ocr_par' dir='ltr' id='par_1_4' title="bbox 136 960 1036 1158">
     <span class='ocr_line' id='line_1_4' title="bbox 136 960 1036 1059; baseline -0.004 -19"><span class='ocrx_word' id='word_1_6' title='bbox 136 960 712 1040; x_wconf 72' lang='lat' dir='ltr'>Ruraacanruumus</span> <span class='ocrx_word' id='word_1_7' title='bbox 762 961 1036 1059; x_wconf 65' lang='lat' dir='ltr'>Quonuuz</span> 
     </span>
     <span class='ocr_line' id='line_1_5' title="bbox 352 1077 825 1158; baseline 0 -2"><span class='ocrx_word' id='word_1_8' title='bbox 352 1082 483 1158; x_wconf 83' lang='lat' dir='ltr'>unm</span> <span class='ocrx_word' id='word_1_9' title='bbox 531 1077 825 1157; x_wconf 66' lang='lat' dir='ltr'>Locorum</span> 
     </span>
    </p>
   </div>
   <div class='ocr_carea' id='block_1_5' title="bbox 200 1239 979 1496">
    <p class='ocr_par' dir='ltr' id='par_1_5' title="bbox 200 1239 979 1496">
     <span class='ocr_line' id='line_1_6' title="bbox 548 1239 640 1310; baseline 0.011 -1"><span class='ocrx_word' id='word_1_10' title='bbox 548 1239 640 1310; x_wconf 79' lang='lat' dir='ltr'>ru</span> 
     </span>
     <span class='ocr_line' id='line_1_7' title="bbox 200 1383 979 1496; baseline 0.004 -6"><span class='ocrx_word' id='word_1_11' title='bbox 200 1383 499 1495; x_wconf 77' lang='lat' dir='ltr'>POMR</span> <span class='ocrx_word' id='word_1_12' title='bbox 580 1385 979 1496; x_wconf 70' lang='lat' dir='ltr'><strong>MELAM</strong></span> 
     </span>
    </p>
   </div>
   <div class='ocr_carea' id='block_1_6' title="bbox 59 1593 1179 3364">
    <p class='ocr_par' dir='ltr' id='par_1_6' title="bbox 149 1593 1120 1692">
     <span class='ocr_line' id='line_1_8' title="bbox 149 1593 1120 1692; baseline 0.001 -21"><span class='ocrx_word' id='word_1_13' title='bbox 149 1624 219 1671; x_wconf 88' lang='lat' dir='ltr'>uam</span> <span class='ocrx_word' id='word_1_14' title='bbox 241 1606 279 1672; x_wconf 77' lang='lat' dir='ltr'>sir</span> <span class='ocrx_word' id='word_1_15' title='bbox 300 1601 451 1689; x_wconf 85' lang='lat' dir='ltr'>operosa,</span> <span class='ocrx_word' id='word_1_16' title='bbox 482 1593 572 1672; x_wconf 81' lang='lat' dir='ltr'>&amp;ad</span> <span class='ocrx_word' id='word_1_17' title='bbox 596 1605 761 1674; x_wconf 84' lang='lat' dir='ltr'>errandum</span> <span class='ocrx_word' id='word_1_18' title='bbox 781 1605 936 1690; x_wconf 79' lang='lat' dir='ltr'>proclivia</span> <span class='ocrx_word' id='word_1_19' title='bbox 957 1622 995 1671; x_wconf 89' lang='lat' dir='ltr'>ac</span> <span class='ocrx_word' id='word_1_20' title='bbox 1015 1617 1120 1692; x_wconf 80' lang='lat' dir='ltr'>parata</span> 
     </span>
    </p>

    <p class='ocr_par' dir='ltr' id='par_1_7' title="bbox 59 1687 1179 3364">
     <span class='ocr_line' id='line_1_9' title="bbox 160 1687 1123 1776; baseline 0 -20"><span class='ocrx_word' id='word_1_21' title='bbox 160 1690 308 1775; x_wconf 80' lang='lat' dir='ltr'>materia,</span> <span class='ocrx_word' id='word_1_22' title='bbox 338 1689 434 1754; x_wconf 77' lang='lat' dir='ltr'>Orbis</span> <span class='ocrx_word' id='word_1_23' title='bbox 463 1687 552 1758; x_wconf 80' lang='lat' dir='ltr'>stum</span> <span class='ocrx_word' id='word_1_24' title='bbox 582 1690 732 1772; x_wconf 79' lang='lat' dir='ltr'>traslare,</span> <span class='ocrx_word' id='word_1_25' title='bbox 764 1689 964 1774; x_wconf 81' lang='lat' dir='ltr'>Pomponius</span> <span class='ocrx_word' id='word_1_26' title='bbox 981 1687 1123 1776; x_wconf 84' lang='lat' dir='ltr'>Geogra·</span> 
     </span>
     <span class='ocr_line' id='line_1_10' title="bbox 60 1761 1119 1872; baseline -0.003 -31"><span class='ocrx_word' id='word_1_27' title='bbox 60 1781 160 1872; x_wconf 78' lang='lat' dir='ltr'>pirus,</span> <span class='ocrx_word' id='word_1_28' title='bbox 184 1761 213 1839; x_wconf 82' lang='lat' dir='ltr'>r&#39;n</span> <span class='ocrx_word' id='word_1_29' title='bbox 231 1787 328 1854; x_wconf 82' lang='lat' dir='ltr'>quem</span> <span class='ocrx_word' id='word_1_30' title='bbox 350 1763 493 1839; x_wconf 78' lang='lat' dir='ltr'>secundi)</span> <span class='ocrx_word' id='word_1_31' title='bbox 510 1770 681 1857; x_wconf 85' lang='lat' dir='ltr'>scripturus</span> <span class='ocrx_word' id='word_1_32' title='bbox 699 1772 790 1852; x_wconf 90' lang='lat' dir='ltr'>sum,</span> <span class='ocrx_word' id='word_1_33' title='bbox 814 1771 890 1840; x_wconf 81' lang='lat' dir='ltr'>satis</span> <span class='ocrx_word' id='word_1_34' title='bbox 909 1773 1063 1854; x_wconf 88' lang='lat' dir='ltr'>ostendit,</span> <span class='ocrx_word' id='word_1_35' title='bbox 1086 1773 1119 1839; x_wconf 89' lang='lat' dir='ltr'>in</span> 
     </span>
     <span class='ocr_line' id='line_1_11' title="bbox 60 1853 1121 1948; baseline -0.006 -24"><span class='ocrx_word' id='word_1_36' title='bbox 60 1857 126 1945; x_wconf 88' lang='lat' dir='ltr'>rpsa</span> <span class='ocrx_word' id='word_1_37' title='bbox 149 1853 315 1924; x_wconf 85' lang='lat' dir='ltr'>confestim</span> <span class='ocrx_word' id='word_1_38' title='bbox 337 1857 534 1940; x_wconf 73' lang='lat' dir='ltr'>praefatione</span> <span class='ocrx_word' id='word_1_39' title='bbox 556 1855 709 1934; x_wconf 77' lang='lat' dir='ltr'>restatur,</span> <span class='ocrx_word' id='word_1_40' title='bbox 730 1856 844 1940; x_wconf 80' lang='lat' dir='ltr'>opusse</span> <span class='ocrx_word' id='word_1_41' title='bbox 859 1859 984 1948; x_wconf 79' lang='lat' dir='ltr'><em>aggredi</em></span> <span class='ocrx_word' id='word_1_42' title='bbox 1000 1857 1121 1940; x_wconf 83' lang='lat' dir='ltr'>impedi-</span> 
     </span>
     <span class='ocr_line' id='line_1_12' title="bbox 61 1938 1179 2026; baseline -0.002 -19"><span class='ocrx_word' id='word_1_43' title='bbox 61 1957 149 2021; x_wconf 79' lang='lat' dir='ltr'>tam,</span> <span class='ocrx_word' id='word_1_44' title='bbox 162 1942 328 2022; x_wconf 75' lang='lat' dir='ltr'><strong><em>facundiae</em></strong></span> <span class='ocrx_word' id='word_1_45' title='bbox 349 1939 471 2004; x_wconf 78' lang='lat' dir='ltr'>miniml</span> <span class='ocrx_word' id='word_1_46' title='bbox 483 1951 599 2022; x_wconf 80' lang='lat' dir='ltr'><strong><em>capax,</em></strong></span> <span class='ocrx_word' id='word_1_47' title='bbox 620 1938 658 2010; x_wconf 52' lang='grc' dir='ltr'>δέ</span> <span class='ocrx_word' id='word_1_48' title='bbox 673 1939 894 2026; x_wconf 75' lang='lat' dir='ltr'>perplexifltlt&#39;s</span> <span class='ocrx_word' id='word_1_49' title='bbox 914 1939 1121 2024; x_wconf 59' lang='lat' dir='ltr'>ardiniol&#39;li-</span> <span class='ocrx_word' id='word_1_50' title='bbox 1157 1969 1179 1986; x_wconf 53' lang='grc' dir='ltr'>ν</span> 
     </span>
     <span class='ocr_line' id='line_1_13' title="bbox 60 2019 1123 2108; baseline -0.008 -12"><span class='ocrx_word' id='word_1_51' title='bbox 60 2027 130 2096; x_wconf 80' lang='lat' dir='ltr'>nius</span> <span class='ocrx_word' id='word_1_52' title='bbox 149 2028 244 2092; x_wconf 83' lang='lat' dir='ltr'>eriam</span> <span class='ocrx_word' id='word_1_53' title='bbox 263 2025 358 2090; x_wconf 87' lang='lat' dir='ltr'>initio</span> <span class='ocrx_word' id='word_1_54' title='bbox 373 2023 460 2090; x_wconf 87' lang='lat' dir='ltr'>tertii</span> <span class='ocrx_word' id='word_1_55' title='bbox 473 2019 623 2106; x_wconf 81' lang='lat' dir='ltr'>Historiae</span> <span class='ocrx_word' id='word_1_56' title='bbox 633 2024 802 2108; x_wconf 81' lang='lat' dir='ltr'>naturalia,</span> <span class='ocrx_word' id='word_1_57' title='bbox 822 2024 953 2092; x_wconf 87' lang='lat' dir='ltr'>eandem</span> <span class='ocrx_word' id='word_1_58' title='bbox 968 2043 1036 2092; x_wconf 90' lang='lat' dir='ltr'>rem</span> <span class='ocrx_word' id='word_1_59' title='bbox 1055 2023 1123 2090; x_wconf 84' lang='lat' dir='ltr'>dic·</span> 
     </span>
     <span class='ocr_line' id='line_1_14' title="bbox 61 2103 1120 2194; baseline -0.004 -16"><span class='ocrx_word' id='word_1_60' title='bbox 61 2129 171 2188; x_wconf 86' lang='lat' dir='ltr'>turus,</span> <span class='ocrx_word' id='word_1_61' title='bbox 193 2107 276 2192; x_wconf 81' lang='lat' dir='ltr'>quasa</span> <span class='ocrx_word' id='word_1_62' title='bbox 295 2109 419 2178; x_wconf 82' lang='lat' dir='ltr'>aculam</span> <span class='ocrx_word' id='word_1_63' title='bbox 438 2125 569 2190; x_wconf 81' lang='lat' dir='ltr'>petens,</span> <span class='ocrx_word' id='word_1_64' title='bbox 593 2109 615 2176; x_wconf 87' lang='lat' dir='ltr'>sr</span> <span class='ocrx_word' id='word_1_65' title='bbox 638 2111 713 2190; x_wconf 84' lang='lat' dir='ltr'>quid</span> <span class='ocrx_word' id='word_1_66' title='bbox 731 2109 880 2192; x_wconf 79' lang='lat' dir='ltr'>proderet</span> <span class='ocrx_word' id='word_1_67' title='bbox 899 2109 985 2194; x_wconf 90' lang='lat' dir='ltr'>quod</span> <span class='ocrx_word' id='word_1_68' title='bbox 1007 2103 1120 2174; x_wconf 75' lang='lat' dir='ltr'>essetl</span> 
     </span>
     <span class='ocr_line' id='line_1_15' title="bbox 59 2190 1122 2276; baseline -0.005 -12"><span class='ocrx_word' id='word_1_69' title='bbox 59 2190 451 2272; x_wconf 81' lang='lat' dir='ltr'>veritatedissentaneum3</span> <span class='ocrx_word' id='word_1_70' title='bbox 473 2191 634 2260; x_wconf 82' lang='lat' dir='ltr'>inlinitum</span> <span class='ocrx_word' id='word_1_71' title='bbox 645 2193 676 2260; x_wconf 92' lang='lat' dir='ltr'>id</span> <span class='ocrx_word' id='word_1_72' title='bbox 691 2210 770 2276; x_wconf 79' lang='lat' dir='ltr'>opus</span> <span class='ocrx_word' id='word_1_73' title='bbox 784 2191 951 2259; x_wconf 80' lang='lat' dir='ltr'>existimari</span> <span class='ocrx_word' id='word_1_74' title='bbox 970 2192 1039 2272; x_wconf 84' lang='lat' dir='ltr'>ait,</span> <span class='ocrx_word' id='word_1_75' title='bbox 1058 2211 1122 2260; x_wconf 87' lang='lat' dir='ltr'>nec</span> 
     </span>
     <span class='ocr_line' id='line_1_16' title="bbox 60 2272 1122 2360; baseline -0.006 -14"><span class='ocrx_word' id='word_1_76' title='bbox 60 2295 180 2346; x_wconf 87' lang='lat' dir='ltr'>temere</span> <span class='ocrx_word' id='word_1_77' title='bbox 199 2275 259 2342; x_wconf 84' lang='lat' dir='ltr'>line</span> <span class='ocrx_word' id='word_1_78' title='bbox 284 2276 389 2356; x_wconf 82' lang='lat' dir='ltr'>aliqua</span> <span class='ocrx_word' id='word_1_79' title='bbox 413 2275 648 2360; x_wconf 68' lang='lat' dir='ltr'>reprehensione</span> <span class='ocrx_word' id='word_1_80' title='bbox 669 2277 846 2342; x_wconf 71' lang='lat' dir='ltr'>trastarum·</span> <span class='ocrx_word' id='word_1_81' title='bbox 898 2272 1032 2342; x_wconf 90' lang='lat' dir='ltr'>Nullum</span> <span class='ocrx_word' id='word_1_82' title='bbox 1053 2275 1122 2344; x_wconf 80' lang='lat' dir='ltr'>ease</span> 
     </span>
     <span class='ocr_line' id='line_1_17' title="bbox 61 2357 1125 2450; baseline 0 -23"><span class='ocrx_word' id='word_1_83' title='bbox 61 2383 158 2450; x_wconf 86' lang='lat' dir='ltr'>genus</span> <span class='ocrx_word' id='word_1_84' title='bbox 174 2361 206 2426; x_wconf 93' lang='lat' dir='ltr'>in</span> <span class='ocrx_word' id='word_1_85' title='bbox 223 2379 289 2445; x_wconf 91' lang='lat' dir='ltr'>quo</span> <span class='ocrx_word' id='word_1_86' title='bbox 310 2359 399 2426; x_wconf 89' lang='lat' dir='ltr'>venia</span> <span class='ocrx_word' id='word_1_87' title='bbox 416 2358 524 2442; x_wconf 86' lang='lat' dir='ltr'>justior</span> <span class='ocrx_word' id='word_1_88' title='bbox 548 2358 602 2426; x_wconf 83' lang='lat' dir='ltr'>stt:</span> <span class='ocrx_word' id='word_1_89' title='bbox 634 2359 656 2428; x_wconf 84' lang='lat' dir='ltr'><strong>fi</strong></span> <span class='ocrx_word' id='word_1_90' title='bbox 684 2359 782 2428; x_wconf 90' lang='lat' dir='ltr'>modo</span> <span class='ocrx_word' id='word_1_91' title='bbox 805 2359 935 2426; x_wconf 73' lang='lat' dir='ltr'>minine</span> <span class='ocrx_word' id='word_1_92' title='bbox 951 2361 1063 2428; x_wconf 88' lang='lat' dir='ltr'>mirum</span> <span class='ocrx_word' id='word_1_93' title='bbox 1079 2357 1125 2427; x_wconf 88' lang='lat' dir='ltr'>ell</span> 
     </span>
     <span class='ocr_line' id='line_1_18' title="bbox 61 2440 1121 2530; baseline -0.003 -15"><span class='ocrx_word' id='word_1_94' title='bbox 61 2447 219 2515; x_wconf 85' lang='lat' dir='ltr'>hominem</span> <span class='ocrx_word' id='word_1_95' title='bbox 236 2447 379 2528; x_wconf 86' lang='lat' dir='ltr'>genitum</span> <span class='ocrx_word' id='word_1_96' title='bbox 399 2463 462 2510; x_wconf 91' lang='lat' dir='ltr'>non</span> <span class='ocrx_word' id='word_1_97' title='bbox 479 2445 583 2508; x_wconf 89' lang='lat' dir='ltr'>omnia</span> <span class='ocrx_word' id='word_1_98' title='bbox 600 2444 730 2514; x_wconf 84' lang='lat' dir='ltr'>humana</span> <span class='ocrx_word' id='word_1_99' title='bbox 752 2440 889 2512; x_wconf 86' lang='lat' dir='ltr'>novisse.</span> <span class='ocrx_word' id='word_1_100' title='bbox 932 2441 1004 2510; x_wconf 82' lang='lat' dir='ltr'>Noa</span> <span class='ocrx_word' id='word_1_101' title='bbox 1015 2445 1121 2530; x_wconf 83' lang='lat' dir='ltr'>igitur</span> 
     </span>
     <span class='ocr_line' id='line_1_19' title="bbox 64 2525 1122 2613; baseline 0 -17"><span class='ocrx_word' id='word_1_102' title='bbox 64 2549 136 2596; x_wconf 88' lang='lat' dir='ltr'>cum</span> <span class='ocrx_word' id='word_1_103' title='bbox 153 2525 294 2594; x_wconf 85' lang='lat' dir='ltr'>homines</span> <span class='ocrx_word' id='word_1_104' title='bbox 311 2525 423 2604; x_wconf 82' lang='lat' dir='ltr'>fimus,</span> <span class='ocrx_word' id='word_1_105' title='bbox 443 2526 589 2594; x_wconf 82' lang='lat' dir='ltr'>&amp;nihilo</span> <span class='ocrx_word' id='word_1_106' title='bbox 608 2525 627 2613; x_wconf 94' lang='lat'>(</span> <span class='ocrx_word' id='word_1_107' title='bbox 642 2544 678 2594; x_wconf 91' lang='lat' dir='ltr'>ut</span> <span class='ocrx_word' id='word_1_108' title='bbox 696 2529 759 2595; x_wconf 88' lang='lat' dir='ltr'>dici</span> <span class='ocrx_word' id='word_1_109' title='bbox 774 2526 882 2607; x_wconf 88' lang='lat' dir='ltr'>solet)</span> <span class='ocrx_word' id='word_1_110' title='bbox 906 2527 1020 2595; x_wconf 86' lang='lat' dir='ltr'>vicinis</span> <span class='ocrx_word' id='word_1_111' title='bbox 1046 2547 1122 2596; x_wconf 83' lang='lat' dir='ltr'>nua-</span> 
     </span>
     <span class='ocr_line' id='line_1_20' title="bbox 65 2609 1119 2690; baseline -0.002 -9"><span class='ocrx_word' id='word_1_112' title='bbox 65 2609 121 2682; x_wconf 79' lang='lat' dir='ltr'>riis</span> <span class='ocrx_word' id='word_1_113' title='bbox 141 2611 314 2690; x_wconf 76' lang='lat' dir='ltr'>melioret,</span> <span class='ocrx_word' id='word_1_114' title='bbox 343 2611 516 2678; x_wconf 81' lang='lat' dir='ltr'>mirandum</span> <span class='ocrx_word' id='word_1_115' title='bbox 545 2611 690 2690; x_wconf 88' lang='lat' dir='ltr'>nonest,</span> <span class='ocrx_word' id='word_1_116' title='bbox 718 2612 740 2677; x_wconf 87' lang='lat' dir='ltr'>st</span> <span class='ocrx_word' id='word_1_117' title='bbox 764 2613 795 2677; x_wconf 93' lang='lat' dir='ltr'>in</span> <span class='ocrx_word' id='word_1_118' title='bbox 824 2611 1119 2689; x_wconf 85' lang='lat' dir='ltr'>Commentariulo,</span> 
     </span>
     <span class='ocr_line' id='line_1_21' title="bbox 64 2693 1121 2782; baseline 0.002 -20"><span class='ocrx_word' id='word_1_119' title='bbox 64 2717 159 2782; x_wconf 85' lang='lat' dir='ltr'>quem</span> <span class='ocrx_word' id='word_1_120' title='bbox 178 2715 242 2764; x_wconf 87' lang='lat' dir='ltr'>non</span> <span class='ocrx_word' id='word_1_121' title='bbox 267 2695 372 2760; x_wconf 89' lang='lat' dir='ltr'>multo</span> <span class='ocrx_word' id='word_1_122' title='bbox 389 2711 460 2760; x_wconf 88' lang='lat' dir='ltr'>ante</span> <span class='ocrx_word' id='word_1_123' title='bbox 477 2696 509 2758; x_wconf 87' lang='lat' dir='ltr'>in</span> <span class='ocrx_word' id='word_1_124' title='bbox 536 2693 747 2775; x_wconf 86' lang='lat' dir='ltr'>Pomponium</span> <span class='ocrx_word' id='word_1_125' title='bbox 777 2693 932 2772; x_wconf 87' lang='lat' dir='ltr'>Melam,</span> <span class='ocrx_word' id='word_1_126' title='bbox 960 2693 1121 2764; x_wconf 67' lang='lat' dir='ltr'>annonem</span> 
     </span>
     <span class='ocr_line' id='line_1_22' title="bbox 63 2773 1121 2868; baseline -0.004 -20"><span class='ocrx_word' id='word_1_127' title='bbox 63 2781 189 2868; x_wconf 82' lang='lat' dir='ltr'>quidem</span> <span class='ocrx_word' id='word_1_128' title='bbox 209 2775 358 2846; x_wconf 81' lang='lat' dir='ltr'>eximium</span> <span class='ocrx_word' id='word_1_129' title='bbox 383 2778 413 2844; x_wconf 76' lang='lat' dir='ltr'>ut</span> <span class='ocrx_word' id='word_1_130' title='bbox 434 2774 691 2852; x_wconf 86' lang='lat' dir='ltr'>memorandum,</span> <span class='ocrx_word' id='word_1_131' title='bbox 713 2773 766 2842; x_wconf 89' lang='lat' dir='ltr'>sed</span> <span class='ocrx_word' id='word_1_132' title='bbox 783 2777 978 2862; x_wconf 78' lang='lat' dir='ltr'>malignitate</span> <span class='ocrx_word' id='word_1_133' title='bbox 997 2793 1121 2863; x_wconf 88' lang='lat' dir='ltr'>rempo-</span> 
     </span>
     <span class='ocr_line' id='line_1_23' title="bbox 63 2859 1119 2948; baseline -0.001 -18"><span class='ocrx_word' id='word_1_134' title='bbox 63 2886 133 2932; x_wconf 83' lang='lat' dir='ltr'>rum</span> <span class='ocrx_word' id='word_1_135' title='bbox 155 2863 248 2948; x_wconf 70' lang='lat' dir='ltr'>longe</span> <span class='ocrx_word' id='word_1_136' title='bbox 279 2861 422 2930; x_wconf 87' lang='lat' dir='ltr'>omnium</span> <span class='ocrx_word' id='word_1_137' title='bbox 453 2859 762 2940; x_wconf 61' lang='lat' dir='ltr'>depravatisfirnumt</span> <span class='ocrx_word' id='word_1_138' title='bbox 795 2861 996 2927; x_wconf 87' lang='lat' dir='ltr'>tumultuaria</span> <span class='ocrx_word' id='word_1_139' title='bbox 1023 2879 1119 2946; x_wconf 87' lang='lat' dir='ltr'>opera</span> 
     </span>
     <span class='ocr_line' id='line_1_24' title="bbox 63 2941 1136 3034; baseline 0.003 -21"><span class='ocrx_word' id='word_1_140' title='bbox 63 2944 322 3034; x_wconf 77' lang='lat' dir='ltr'>composuimus,</span> <span class='ocrx_word' id='word_1_141' title='bbox 349 2945 452 3028; x_wconf 86' lang='lat' dir='ltr'>aliqua</span> <span class='ocrx_word' id='word_1_142' title='bbox 479 2941 713 3029; x_wconf 77' lang='lat' dir='ltr'>scripserimus,</span> <span class='ocrx_word' id='word_1_143' title='bbox 738 2961 817 3028; x_wconf 87' lang='lat' dir='ltr'>quae</span> <span class='ocrx_word' id='word_1_144' title='bbox 830 2941 990 3012; x_wconf 83' lang='lat' dir='ltr'>censuram</span> <span class='ocrx_word' id='word_1_145' title='bbox 1009 2947 1136 3032; x_wconf 46' lang='lat' dir='ltr'>recipi„</span> 
     </span>
     <span class='ocr_line' id='line_1_25' title="bbox 62 3023 1124 3116; baseline -0.001 -18"><span class='ocrx_word' id='word_1_146' title='bbox 62 3051 136 3116; x_wconf 83' lang='lat' dir='ltr'>ant,</span> <span class='ocrx_word' id='word_1_147' title='bbox 159 3031 381 3116; x_wconf 72' lang='lat' dir='ltr'>retrastarique</span> <span class='ocrx_word' id='word_1_148' title='bbox 399 3043 521 3111; x_wconf 81' lang='lat' dir='ltr'>egeant.</span> <span class='ocrx_word' id='word_1_149' title='bbox 565 3027 620 3094; x_wconf 88' lang='lat' dir='ltr'>Sic</span> <span class='ocrx_word' id='word_1_150' title='bbox 643 3023 832 3096; x_wconf 87' lang='lat' dir='ltr'>Hermolaus</span> <span class='ocrx_word' id='word_1_151' title='bbox 850 3028 1003 3094; x_wconf 79' lang='lat' dir='ltr'>Barbarus</span> <span class='ocrx_word' id='word_1_152' title='bbox 1022 3029 1124 3114; x_wconf 79' lang='lat' dir='ltr'>singu·</span> 
     </span>
     <span class='ocr_line' id='line_1_26' title="bbox 62 3109 1123 3198; baseline -0.003 -17"><span class='ocrx_word' id='word_1_153' title='bbox 62 3117 133 3185; x_wconf 90' lang='lat' dir='ltr'>laris</span> <span class='ocrx_word' id='word_1_154' title='bbox 152 3117 202 3182; x_wconf 86' lang='lat' dir='ltr'>vir</span> <span class='ocrx_word' id='word_1_155' title='bbox 216 3113 400 3188; x_wconf 69' lang='lat' dir='ltr'>doetrinae,</span> <span class='ocrx_word' id='word_1_156' title='bbox 419 3129 455 3178; x_wconf 90' lang='lat' dir='ltr'>ut</span> <span class='ocrx_word' id='word_1_157' title='bbox 479 3125 602 3178; x_wconf 81' lang='lat' dir='ltr'>veteres</span> <span class='ocrx_word' id='word_1_158' title='bbox 617 3111 783 3191; x_wconf 88' lang='lat' dir='ltr'>omittam,</span> <span class='ocrx_word' id='word_1_159' title='bbox 813 3111 844 3178; x_wconf 89' lang='lat' dir='ltr'>in</span> <span class='ocrx_word' id='word_1_160' title='bbox 860 3109 1016 3176; x_wconf 84' lang='lat' dir='ltr'>Plinianis</span> <span class='ocrx_word' id='word_1_161' title='bbox 1036 3110 1123 3198; x_wconf 77' lang='lat' dir='ltr'>cassi·</span> 
     </span>
     <span class='ocr_line' id='line_1_27' title="bbox 61 3193 1124 3286; baseline -0.003 -21"><span class='ocrx_word' id='word_1_162' title='bbox 61 3202 232 3286; x_wconf 68' lang='lat' dir='ltr'>potionibus</span> <span class='ocrx_word' id='word_1_163' title='bbox 244 3199 341 3264; x_wconf 81' lang='lat' dir='ltr'>multu</span> <span class='ocrx_word' id='word_1_164' title='bbox 350 3199 434 3278; x_wconf 85' lang='lat' dir='ltr'>prius</span> <span class='ocrx_word' id='word_1_165' title='bbox 445 3194 527 3260; x_wconf 77' lang='lat' dir='ltr'>dixit</span> <span class='ocrx_word' id='word_1_166' title='bbox 540 3241 551 3272; x_wconf 88' lang='lat'>‚</span> <span class='ocrx_word' id='word_1_167' title='bbox 570 3213 650 3276; x_wconf 81' lang='lat' dir='ltr'>quae</span> <span class='ocrx_word' id='word_1_168' title='bbox 663 3195 771 3278; x_wconf 85' lang='lat' dir='ltr'>postea</span> <span class='ocrx_word' id='word_1_169' title='bbox 786 3195 816 3261; x_wconf 88' lang='lat' dir='ltr'>in</span> <span class='ocrx_word' id='word_1_170' title='bbox 832 3193 967 3262; x_wconf 85' lang='lat' dir='ltr'>secunda</span> <span class='ocrx_word' id='word_1_171' title='bbox 983 3195 1124 3264; x_wconf 84' lang='lat' dir='ltr'>editione</span> 
     </span>
     <span class='ocr_line' id='line_1_28' title="bbox 65 3275 1125 3364; baseline -0.003 -12"><span class='ocrx_word' id='word_1_172' title='bbox 65 3283 245 3352; x_wconf 78' lang='lat' dir='ltr'>damnavit:</span> <span class='ocrx_word' id='word_1_173' title='bbox 274 3281 316 3348; x_wconf 87' lang='lat' dir='ltr'>lic</span> <span class='ocrx_word' id='word_1_174' title='bbox 334 3284 427 3346; x_wconf 87' lang='lat' dir='ltr'>eriam</span> <span class='ocrx_word' id='word_1_175' title='bbox 449 3277 517 3364; x_wconf 89' lang='lat' dir='ltr'>pust</span> <span class='ocrx_word' id='word_1_176' title='bbox 536 3275 745 3344; x_wconf 82' lang='lat' dir='ltr'>Hermolaum</span> <span class='ocrx_word' id='word_1_177' title='bbox 770 3279 842 3355; x_wconf 87' lang='lat' dir='ltr'>alii,</span> <span class='ocrx_word' id='word_1_178' title='bbox 870 3297 951 3364; x_wconf 84' lang='lat' dir='ltr'>quos</span> <span class='ocrx_word' id='word_1_179' title='bbox 967 3281 1062 3346; x_wconf 88' lang='lat' dir='ltr'>taedii</span> <span class='ocrx_word' id='word_1_180' title='bbox 1075 3285 1125 3349; x_wconf 84' lang='lat' dir='ltr'>vl-</span> 
     </span>
    </p>
   </div>
   <div class='ocr_carea' id='block_1_7' title="bbox 66 3361 1123 3515">
    <p class='ocr_par' dir='ltr' id='par_1_8' title="bbox 66 3361 1123 3515">
     <span class='ocr_line' id='line_1_29' title="bbox 66 3361 1123 3512; baseline -0.003 -79"><span class='ocrx_word' id='word_1_181' title='bbox 66 3371 150 3436; x_wconf 83' lang='lat' dir='ltr'>tandi</span> <span class='ocrx_word' id='word_1_182' title='bbox 170 3363 268 3453; x_wconf 80' lang='lat' dir='ltr'>gratia</span> <span class='ocrx_word' id='word_1_183' title='bbox 285 3383 455 3447; x_wconf 86' lang='lat' dir='ltr'>praetereo.</span> <span class='ocrx_word' id='word_1_184' title='bbox 508 3362 643 3428; x_wconf 79' lang='lat' dir='ltr'>Accedit</span> <span class='ocrx_word' id='word_1_185' title='bbox 664 3363 725 3429; x_wconf 90' lang='lat' dir='ltr'>alia</span> <span class='ocrx_word' id='word_1_186' title='bbox 750 3361 924 3429; x_wconf 80' lang='lat' dir='ltr'>nostrorum</span> <span class='ocrx_word' id='word_1_187' title='bbox 945 3377 1123 3512; x_wconf 62' lang='lat' dir='ltr'>temssorum</span> 
     </span>
     <span class='ocr_line' id='line_1_30' title="bbox 1033 3467 1123 3515; baseline -0.011 0"><span class='ocrx_word' id='word_1_188' title='bbox 1033 3469 1053 3515; x_wconf 92' lang='lat' dir='ltr'>o</span> <span class='ocrx_word' id='word_1_189' title='bbox 1071 3467 1123 3514; x_wconf 89' lang='lat' dir='ltr'>um</span> 
     </span>
    </p>
   </div>
   <div class='ocr_carea' id='block_1_8' title="bbox 63 3443 1135 4036">
    <p class='ocr_par' dir='ltr' id='par_1_9' title="bbox 63 3443 1135 4036">
     <span class='ocr_line' id='line_1_31' title="bbox 63 3443 1069 3550; baseline -0.002 -34"><span class='ocrx_word' id='word_1_190' title='bbox 63 3451 231 3550; x_wconf 77' lang='lat' dir='ltr'>peculiaris</span> <span class='ocrx_word' id='word_1_191' title='bbox 246 3445 355 3514; x_wconf 85' lang='lat' dir='ltr'>causat</span> <span class='ocrx_word' id='word_1_192' title='bbox 376 3446 449 3512; x_wconf 86' lang='lat' dir='ltr'>Tot</span> <span class='ocrx_word' id='word_1_193' title='bbox 465 3449 549 3513; x_wconf 86' lang='lat' dir='ltr'>enim</span> <span class='ocrx_word' id='word_1_194' title='bbox 573 3443 642 3512; x_wconf 91' lang='lat' dir='ltr'>sunt</span> <span class='ocrx_word' id='word_1_195' title='bbox 656 3447 777 3530; x_wconf 88' lang='lat' dir='ltr'>ubique</span> <span class='ocrx_word' id='word_1_196' title='bbox 789 3446 961 3514; x_wconf 89' lang='lat' dir='ltr'>alienorum</span> <span class='ocrx_word' id='word_1_197' title='bbox 982 3445 1010 3511; x_wconf 87' lang='lat' dir='ltr'>la</span> <span class='ocrx_word' id='word_1_198' title='bbox 1054 3467 1069 3514; x_wconf 87' lang='lat' dir='ltr'>t</span> 
     </span>
     <span class='ocr_line' id='line_1_32' title="bbox 64 3529 1125 3618; baseline -0.006 -14"><span class='ocrx_word' id='word_1_199' title='bbox 64 3537 275 3612; x_wconf 61' lang='lat' dir='ltr'>insidiatores,</span> <span class='ocrx_word' id='word_1_200' title='bbox 306 3549 342 3596; x_wconf 85' lang='lat' dir='ltr'>ut</span> <span class='ocrx_word' id='word_1_201' title='bbox 357 3529 410 3600; x_wconf 83' lang='lat' dir='ltr'>nist</span> <span class='ocrx_word' id='word_1_202' title='bbox 427 3545 535 3596; x_wconf 86' lang='lat' dir='ltr'>contra</span> <span class='ocrx_word' id='word_1_203' title='bbox 557 3529 763 3598; x_wconf 83' lang='lat' dir='ltr'>Horatianum</span> <span class='ocrx_word' id='word_1_204' title='bbox 787 3546 1013 3616; x_wconf 86' lang='lat' dir='ltr'>praeceptum,</span> <span class='ocrx_word' id='word_1_205' title='bbox 1047 3549 1125 3618; x_wconf 85' lang='lat' dir='ltr'>qua·</span> 
     </span>
     <span class='ocr_line' id='line_1_33' title="bbox 67 3612 1126 3704; baseline -0.005 -19"><span class='ocrx_word' id='word_1_206' title='bbox 67 3619 265 3704; x_wconf 82' lang='lat' dir='ltr'>lemcumque</span> <span class='ocrx_word' id='word_1_207' title='bbox 285 3615 486 3701; x_wconf 83' lang='lat' dir='ltr'>parturieris.</span> <span class='ocrx_word' id='word_1_208' title='bbox 507 3612 631 3680; x_wconf 83' lang='lat' dir='ltr'>foetum</span> <span class='ocrx_word' id='word_1_209' title='bbox 647 3615 666 3682; x_wconf 72' lang='lat' dir='ltr'>e</span> <span class='ocrx_word' id='word_1_210' title='bbox 683 3614 916 3700; x_wconf 81' lang='lat' dir='ltr'>uestigioedas,</span> <span class='ocrx_word' id='word_1_211' title='bbox 937 3614 1065 3696; x_wconf 85' lang='lat' dir='ltr'>dicam,</span> <span class='ocrx_word' id='word_1_212' title='bbox 1087 3635 1126 3684; x_wconf 87' lang='lat' dir='ltr'>an</span> 
     </span>
     <span class='ocr_line' id='line_1_34' title="bbox 66 3696 1127 3786; baseline -0.002 -18"><span class='ocrx_word' id='word_1_213' title='bbox 66 3705 224 3784; x_wconf 77' lang='lat' dir='ltr'>aborrias3</span> <span class='ocrx_word' id='word_1_214' title='bbox 254 3703 284 3764; x_wconf 92' lang='lat' dir='ltr'>in</span> <span class='ocrx_word' id='word_1_215' title='bbox 307 3716 433 3783; x_wconf 89' lang='lat' dir='ltr'>promtu</span> <span class='ocrx_word' id='word_1_216' title='bbox 451 3696 510 3764; x_wconf 82' lang='lat' dir='ltr'>fior</span> <span class='ocrx_word' id='word_1_217' title='bbox 530 3697 616 3764; x_wconf 85' lang='lat' dir='ltr'>mille</span> <span class='ocrx_word' id='word_1_218' title='bbox 637 3697 814 3786; x_wconf 79' lang='lat' dir='ltr'>corycaer,</span> <span class='ocrx_word' id='word_1_219' title='bbox 844 3699 899 3782; x_wconf 90' lang='lat' dir='ltr'>qui</span> <span class='ocrx_word' id='word_1_220' title='bbox 920 3697 1008 3764; x_wconf 88' lang='lat' dir='ltr'>illum</span> <span class='ocrx_word' id='word_1_221' title='bbox 1025 3699 1127 3766; x_wconf 84' lang='lat' dir='ltr'>adhuc</span> 
     </span>
     <span class='ocr_line' id='line_1_35' title="bbox 67 3775 1128 3867; baseline -0.003 -17"><span class='ocrx_word' id='word_1_222' title='bbox 67 3789 96 3852; x_wconf 89' lang='lat' dir='ltr'>io</span> <span class='ocrx_word' id='word_1_223' title='bbox 123 3803 217 3850; x_wconf 88' lang='lat' dir='ltr'>utero</span> <span class='ocrx_word' id='word_1_224' title='bbox 242 3775 507 3850; x_wconf 86' lang='lat' dir='ltr'>maturescentem</span> <span class='ocrx_word' id='word_1_225' title='bbox 532 3800 588 3864; x_wconf 86' lang='lat' dir='ltr'>per</span> <span class='ocrx_word' id='word_1_226' title='bbox 606 3783 751 3848; x_wconf 85' lang='lat' dir='ltr'>occultos</span> <span class='ocrx_word' id='word_1_227' title='bbox 776 3781 959 3862; x_wconf 86' lang='lat' dir='ltr'>cuniculos,</span> <span class='ocrx_word' id='word_1_228' title='bbox 980 3797 1128 3867; x_wconf 81' lang='lat' dir='ltr'>artesque</span> 
     </span>
     <span class='ocr_line' id='line_1_36' title="bbox 66 3863 1130 4012; baseline -0.003 -76"><span class='ocrx_word' id='word_1_229' title='bbox 66 3867 279 3938; x_wconf 78' lang='lat' dir='ltr'>fraudulentur</span> <span class='ocrx_word' id='word_1_230' title='bbox 298 3867 493 3944; x_wconf 74' lang='lat' dir='ltr'>extractum,</span> <span class='ocrx_word' id='word_1_231' title='bbox 528 3865 791 4012; x_wconf 44' lang='lat' dir='ltr'>irnpurlfntiaiima</span> <span class='ocrx_word' id='word_1_232' title='bbox 815 3863 925 3935; x_wconf 86' lang='lat' dir='ltr'>fronte</span> <span class='ocrx_word' id='word_1_233' title='bbox 939 3863 996 3934; x_wconf 87' lang='lat' dir='ltr'>sibl</span> <span class='ocrx_word' id='word_1_234' title='bbox 1022 3867 1130 3939; x_wconf 82' lang='lat' dir='ltr'>vendi·</span> 
     </span>
     <span class='ocr_line' id='line_1_37' title="bbox 658 3961 1135 4036; baseline 0 -15"><span class='ocrx_word' id='word_1_235' title='bbox 658 3967 721 4014; x_wconf 83' lang='lat' dir='ltr'>vv</span> <span class='ocrx_word' id='word_1_236' title='bbox 1046 3961 1135 4036; x_wconf 67' lang='lat' dir='ltr'>eentj</span> 
     </span>
    </p>
   </div>
   <div class='ocr_carea' id='block_1_9' title="bbox 0 0 1375 4534">
    <p class='ocr_par' dir='ltr' id='par_1_10' title="bbox 0 0 1375 4534">
     <span class='ocr_line' id='line_1_38' title="bbox 0 0 1375 4534; baseline 0 0"><span class='ocrx_word' id='word_1_237' title='bbox 0 0 1375 4534; x_wconf 95' lang='lat' dir='ltr'> </span> 
     </span>
    </p>
   </div>
  </div>
 </body>
</html>
