2760 4542
222 199 295 290 loo
340 197 401 277 is.
433 191 633 274 vossu
670 191 1147 272 OBSERVATIONES

222 362 352 436 omnino
374 357 506 426 fallitur.
558 355 733 424 Occiduam
762 353 881 421 tantimi
910 354 1004 420 maris
1027 351 1134 440 Caspii
1156 366 1273 439 partein

221 443 419 518 exploravit.
441 459 553 526 nempe
572 439 646 538 litus
662 437 749 522 quoii
764 439 803 504 ab
813 435 898 506 olliis
912 437 1034 522 Volgae
1047 455 1148 530 usque
1163 438 1203 502 ad
1219 435 1274 503 Fc'-

221 531 371 600 iabatlio
394 525 503 610 pidum
527 523 586 592 diti
624 539 694 601 tur,
724 539 761 584 ac
783 517 931 591 summam
961 523 1054 586 maris
1077 521 1275 586 latitudinem

219 613 330 712 ellicir.
372 545 579 706 fnteryallum
588 541 659 672 §oc
674 603 836 686 componit
850 623 922 702 cittii
936 621 1065 700 cen-tum
1076 605 1195 753 nigriori
1213 603 1277 700 leu-

220 684 934 866 illinistisrisibilius?itit
948 685 1021 836 fiili
1039 687 1283 836 insilii

220 863 300 930 dunt
314 859 417 928 stadiis
426 855 616 940 quingentis.
638 849 881 938 Oslidiiiitaquc
896 854 1057 948 navigatio
1068 855 1169 922 efficit
1185 853 1282 920 stadia

224 925 466 1034 quatermille,
490 953 572 1020 quae
592 936 766 1003 conficiunt
791 935 894 1002 leucas
917 935 1121 1008 Germanicas
1148 955 1286 1002 centum

222 1028 334 1128 viginti
351 1026 501 1120 quinque.
544 1018 846 1116 Conuenitquoquo
863 1013 1073 1116 Qeograpbus
1083 1019 1118 1088 N
1121 1021 1286 1100 ubiensis,

224 1131 277 1210 qui
291 1109 408 1196 septem
425 1105 545 1170 dierunt
560 1118 762 1186 navigatione
776 1101 973 1170 latitudinem
988 1103 1080 1186 hujus
1092 1105 1189 1170 maris
1202 1123 1289 1172 enie-

223 1195 276 1262 tiri
292 1191 410 1260 scribit.
455 1185 580 1272 Nempe
602 1181 753 1272 spatium,
774 1185 861 1280 qubd
876 1185 922 1252 est
935 1183 961 1280 ¹i
978 1189 1206 1270 promuntorio
1218 1189 1290 1255 Ta-

223 1277 368 1360 bruslum,
391 1276 424 1339 iii
435 1268 680 1338 extantislim‘um
694 1265 834 1353 Nagaiae
852 1271 1124 1356 promuntorium,
1139 1272 1288 1357 ideoque

223 1381 324 1430 unuin
340 1359 423 1425 dieiii
436 1353 570 1422 abllulit.
612 1351 860 1436 Longitudiiiem
884 1354 976 1420 marii
995 1355 1061 1420 ii'ori
1079 1353 1291 1438 perlustravit

225 1447 395 1520 oiearius,
418 1437 471 1505 scil
488 1434 708 1522 perlustratum
721 1434 792 1500 clim
805 1437 876 1516 alii,
895 1435 960 1502 tulli
974 1455 1102 1522 quoque
1116 1437 1290 1506 Antonius

244 1523 434 1598 enkinsonus
450 1521 587 1606 lingitis,
605 1533 812 1584 antecentum
827 1519 954 1584 circiter
969 1523 1083 1596 armos,
1099 1523 1156 1604 qui
1171 1537 1287 1588 torum

239 1616 302 1681 itus
313 1605 569 1710 septentrionale,
591 1601 675 1696 quod
696 1597 837 1697 aboiiii's
856 1601 978 1686 Volgae
998 1603 1036 1667 od
1052 1603 1189 1688 Jaiiartis
1206 1607 1290 1672 ollii

225 1695 426 1766 extenditur,
446 1699 638 1769 enavigavit.
682 1683 841 1750 scribitis
860 1701 944 1750 mare
960 1685 1021 1750 lioc
1036 1685 1155 1772 porrigi
1165 1688 1210 1752 ad
1231 1691 1288 1753 du-

227 1795 334 1848 ceritas
356 1777 456 1841 leucas
479 1765 701 1846 Germanicas,
729 1765 801 1832 clim
825 1765 971 1834 Olearius
995 1787 1056 1834 nori
1074 1767 1156 1834 ultra
1180 1789 1287 1838 nona·

186 1879 190 1892 ·
226 1866 312 1950 ginta
323 1861 425 1928 leucas
439 1867 600 1950 numeret,
616 1850 695 1916 adeo
712 1867 825 2000 nempe
839 1847 981 2000 spatia&
996 1851 1159 1918 intervalla
1172 1859 1288 1922 omnia
1358 1919 1359 1928 ,

227 1942 397 2012 contraxit.
424 1932 491 2036 ‘Ab
504 1933 722 2016 olliisVolgae
735 1933 774 1999 ad
811 1953 852 2020 og
866 1951 933 2000 atati
949 1937 1207 2032 promuntorium
1225 1960 1288 2004 nu.

223 2015 989 2200 iiiiiii-‘iiiiiiiitiltiiit..titii
1003 2009 1289 2184 iustitiis:

225 2201 265 2262 tie
277 2195 405 2278 apparet
420 2185 508 2252 illum
522 2185 654 2250 inediam
674 2189 792 2268 partem
806 2186 898 2250 maris
917 2181 1019 2270 Caspii
1028 2183 1225 2270 amputasse,
1251 2191 1284 2256 δε

225 2277 316 2345 terris
332 2266 524 2348 adtribuisle.
565 2267 706 2352 Scaliger
723 2263 800 2331 verb
816 2287 877 2332 riori
893 2267 949 2334 illo
968 2285 1156 2350 contentus,
1179 2271 1285 2338 etiam

225 2360 328 2432 tribus
348 2355 512 2420 minimum
531 2349 754 2433 quadrantibus
768 2367 853 2414 maie
867 2351 929 2416 boc
943 2351 1108 2430 multavit,
1131 2368 1168 2418 ut
1179 2349 1282 2424 facile

224 2442 373 2524 colligere
385 2445 556 2519 poterunt,
574 2434 627 2515 qui
639 2449 700 2498 non
713 2433 845 2514 omnino
861 2429 934 2500 sunt
947 2431 1149 2502 Geometriae
1165 2435 1282 2521 ignari.

226 2524 334 2622 Qu'am
349 2517 500 2590 bene‚eit
513 2513 744 2598 superioribus,
765 2529 909 2598 utputo,
930 2513 1002 2583 satis
1012 2518 1123 2602 liquet.
1144 2517 1283 2590 Maneat

225 2613 335 2693 ltaque
355 2603 418 2670 boc
437 2617 522 2668 mare
538 2597 718 2692 poircslum
731 2593 770 2661 ab
790 2613 863 2662 ortu
885 2599 914 2664 iii
933 2600 1099 2680 occasum,
1119 2601 1223 2672 sirion
1239 2608 1281 2673 ad

249 2689 407 2761 uiridecim
432 2685 553 2751 dierum
582 2682 835 2768 navigationem,
856 2679 967 2749 saltem
991 2702 1032 2750 ne
1053 2685 1086 2751 iri
1108 2703 1174 2752 tarn
1194 2687 1286 2756 arsia·

224 2713 345 2862 ipatia,
366 2788 462 2854 itque
486 2765 630 2833 Olearius
653 2779 706 2831 aut
735 2764 873 2850 Scaliger
895 2765 1002 2832 secere
1046 2767 1282 2856 constringatur

227 2863 297 2948 ejus
310 2853 487 2942 longitudo.
531 2847 610 2916 Non
626 2847 757 2944 Veteres
778 2849 922 2928 taritlriii,
941 2815 1037 2917 sed&
1053 2845 1171 2917 slrabes
1189 2857 1223 2920 in
1239 2874 1281 2922 co

224 2940 425 3013 conveniunt.
469 2930 576 3028 Quod·
593 2941 695 2998 autem
712 2939 744 3026 ii'i
764 2931 902 2998 mensura
925 2951 988 3000 tion
1009 2937 1224 3018 conveniant,
1250 2939 1285 3004 id

225 3041 267 3093 eo
282 3023 406 3103 evenit,
450 3015 514 3084 ubd
535 3033 636 3082 minus
656 3016 852 3098 exploratum
872 3013 1034 3082 liabuerint
1048 3018 1129 3086 latus
1152 3017 1283 3104 septen-

225 3107 370 3178 trionale.
451 3120 491 3168 on
510 3097 656 3186 displicet
673 3097 888 3166 Eratosthenis
905 3095 1062 3181 mensuri,
1083 3101 1196 3170 verbm
1215 3104 1282 3188 ita,

225 3193 274 3260 uti
296 3189 341 3256 eil
356 3183 438 3272 apud
460 3183 665 3265 Strabonem,
692 3201 754 3248 non
769 3183 850 3266 apud
871 3181 1025 3264 Plinium,
1047 3179 1138 3268 cujus
1153 3191 1283 3256 numeri

225 3295 265 3346 eit
281 3271 435 3343 Strabone
448 3265 650 3347 emendandi,
671 3261 802 3340 aliislne
820 3265 876 3334 libi
899 3265 1025 3350 quidem
1044 3267 1099 3350 ip'si
1120 3269 1283 3338 constaret

223 3347 358 3430 Plinius.
393 3347 610 3420 Eratosthenes
626 3348 706 3415 verb
723 3347 820 3433 partis
840 3348 893 3417 lilii
906 3365 1089 3434 compertae
1103 3351 1283 3424 mensuram

250 3441 334 3510 rodit
357 3435 523 3532 stadiorum
548 3440 659 3500 12600.
680 3431 746 3499 sive
759 3431 891 3500 millium
907 3431 1050 3520 passuum
1066 3453 1122 3520 157
1149 3453 1207 3504 .ur
1223 3439 1278 3506 ba-

267 3541 280 3590 t
297 3521 427 3590 Plinius.
470 3515 589 3582 Verlirn
602 3511 655 3582 liic
667 3513 751 3582 deest
766 3513 915 3600 spatium,
935 3517 1021 3601 quod
1037 3519 1076 3583 ab
1093 3455 1181 3586 olitis
1198 3521 1280 3590 Vol·

249 3627 284 3675 ac
296 3605 360 3674 slve
377 3600 446 3669 itia
458 3599 596 3668 fluminis
619 3617 717 3685 usque
737 3599 775 3664 ad
793 3597 946 3682 Jaiiartem
961 3601 1110 3667 excurrit.
1152 3601 1282 3672 Huicli¹

225 3679 1284 3852 tiliisiniustissimisutilissimis

224 3811 468 3948 quingentarum
483 3847 554 3918 sete
573 3845 790 3936 &sexaginta
1181 3933 1205 4006 ἱ
