2670 4572
171 316 234 394 ῙΝ
256 315 403 394 POMP.
429 315 784 398 mittemini.
811 318 896 403 Cir.
921 317 985 394 IX.
1011 341 1081 413 421

6 490 11 541 ι
91 475 251 548 Αῐιιιιίαι
270 474 388 560 npirri
416 475 535 558 Λιβύῃ,
565 443 955 548 necennensium.
985 499 1082 568 quan·
1168 497 1176 514 ·

92 581 187 648 qiam
207 562 291 644 apud
318 579 390 626 eum
413 564 566 706 corrupte
584 563 699 663 legitur
722 561 924 663 μιτιιιςιμψιι.
947 564 1011 630 elio
1033 581 1081 628 ta·

92 644 517 802 inimicitiis:
534 643 963 811 tdtttsitti‘d
974 692 984 718 ’
1004 648 1080 726 “³⁶'’

134 812 156 877 1.
178 831 229 896 ιγ.
250 807 305 874 Ao
324 809 576 894 Eiepirontidem]
597 813 712 897 Scripti
733 811 821 879 Libri
838 811 895 876 Ele
953 809 1081 878 ntiienr:

94 893 261 980 legendum
277 911 380 959 tamen
399 891 630 974 Elephantinen»
645 915 684 960 ex
697 896 841 962 omnibus
943 896 1078 982 graphio.

2 982 8 1065 J
93 974 146 1042 De
161 975 314 1060 cereosom
326 977 445 1060 oppido
464 978 545 1044 idem
559 977 745 1046 Herodotus
760 979 815 1046 lin
833 997 868 1045 ιι.
891 995 926 1041 ca
952 1025 960 1042 .
983 997 993 1044 ι
998 999 1030 1062 5.

3 1107 4 1116 ι
135 1061 156 1126 ι.
175 1079 226 1126 21.
248 1059 342 1124 Serrei
362 1062 526 1144 iterumque
545 1057 661 1146 ,divisus
684 1063 723 1125 od
749 1059 844 1126 Deito
863 1059 900 1131 ἃ
960 1057 1081 1144 stelin]

95 1141 227 1208 Veteres
247 1143 341 1222 libri,
362 1144 401 1207 od
417 1143 537 1210 Deitom
549 1143 586 1217 ii
602 1148 640 1209 od
656 1143 803 1210 Meteiirn.
845 1143 907 1212 Sed
923 1144 1006 1212 haud
1021 1145 1090 1218 du··

95 1225 145 1293 bie
156 1244 195 1292 ex
214 1245 271 1292 ort
281 1225 370 1293 Libri
386 1229 420 1294 in
430 1244 615 1296 contextum
629 1247 667 1293 ea
677 1225 955 1311 vermirr'epsere,
970 1228 1078 1312 itaque

2 1360 8 1387 ,
97 1309 224 1376 delenda
246 1307 317 1374 esse
340 1309 472 1391 censeo,
494 1311 744 1398 legendumque,
765 1311 833 1376 dein
843 1309 937 1390 semei
954 1312 1078 1374 iterum·

2 1392 6 1427 '³
96 1411 147 1475 qur
164 1393 297 1473 diffisus,
318 1393 345 1455 it
363 1407 544 1476 peromnem
563 1394 746 1480 Aegyptum.
790 1393 845 1460 Sic
862 1393 892 1458 in
909 1391 999 1460 Italia
1020 1393 1079 1458 lib.

98 1496 132 1542 ιι.
154 1493 223 1560 cap.
240 1497 275 1556 4.
296 1473 405 1554 More,
426 1480 500 1560 qood
518 1480 598 1542 inter
618 1489 743 1561 utroque
762 1476 920 1556 admittit,
943 1475 1080 1540 tenuitur

94 1562 295 1641 promontoriis
302 1560 395 1642 jinoei
415 1563 578 1645 iterumque
598 1556 805 1646 distinguens,
827 1577 884 1624 non
896 1577 953 1622 orno
967 1557 1081 1644 morgi·
1110 1611 1117 1626 .

101 1662 134 1706 ne
151 1643 272 1708 circuit.
316 1642 363 1710 Et
380 1645 441 1710 hoc
462 1644 542 1710 libro
557 1663 623 1729 cap.
644 1665 675 1728 3.
697 1640 771 1724 Ntss
788 1643 840 1707 tobi
845 1641 937 1726 sornei
957 1643 1080 1706 iterum·

96 1744 147 1890 tt
160 1726 275 1876 iiii
291 1725 720 1888 optationem,
737 1726 1079 1894 tdiit‘rteiit

93 1859 224 1974 pocillum
244 1858 379 1975 insereret
404 1829 578 1972 ignoretur,
601 1829 813 1958 o’dCongtbros
833 1893 906 1976 peni
925 1825 1041 1956 reteri
1067 1937 1077 1956 .
1143 1949 1148 1958 .

96 1977 172 2042 Sunt
190 1977 288 2126 ιὲῑιιιι
307 1977 400 2041 verba
423 1981 616 2054 innocentis,
644 1977 682 2042 ad
704 1995 784 2063 quae
803 1977 872 2044 loca
894 1975 1005 2042 divido
1043 1991 1080 2039 u·

97 2059 182 2126 minis
223 2075 315 2134 eret,
335 2055 387 2125 sed
405 2059 551 2145 imperite
562 2076 681 2127 tamen:
703 2077 799 2147 arque
816 2077 852 2126 ut
864 2060 895 2125 id
912 2055 1081 2154 manifesti·

97 2161 131 2207 us
144 2141 220 2220 ιιι,
242 2141 333 2208 libuit
346 2161 471 2209 omnem
488 2142 555 2210 Nili
581 2141 703 2208 cursum
723 2163 762 2208 ex
784 2142 951 2210 Herodoto
964 2139 1079 2206 adsen-

98 2225 188 2302 bere,
211 2223 230 2290 it
246 2245 312 2308 qun
327 2227 402 2292 haec
419 2245 526 2314 magno
542 2246 586 2308 ex,
597 2243 686 2312 parte
704 2225 898 2308 Pomponius
913 2223 1078 2292 transtulit.

98 2308 126 2374 ιι
148 2327 226 2394 ergo
248 2309 304 2375 lib.
328 2326 367 2374 11.
389 2305 459 2378 Nili
476 2307 598 2376 cursum
623 2315 641 2375 ι
665 2309 837 2392 Cotndupis
859 2307 899 2374 od
920 2324 1003 2372 mare
1026 2307 1080 2369 de·
1155 2386 1159 2395 =

97 2389 217 2471 scribit,
241 2393 273 2456 dc
296 2390 399 2458 rursus
423 2393 440 2458 ὲ
466 2391 636 2476 Catadupis
660 2394 698 2458 ad
717 2389 862 2468 fontem,
883 2407 963 2474 quoe
988 2387 1080 2456 simul

97 2475 195 2558 juniii
215 2473 245 2540 in
266 2476 348 2540 hunc
373 2475 498 2542 modum
520 2475 552 2542 se
575 2477 712 2546 hubent:
736 2523 760 2556 „
783 2471 879 2542 Nilus
902 2473 920 2539 ι
942 2471 1078 2539 Catadu-

98 2563 184 2646 „pis
206 2559 362 2642 incipiens
378 2563 510 2626 mediam
530 2560 710 2634 interfluens
730 2560 913 2643 Aegyptum
931 2555 1079 2640 irrumpit

99 2687 123 2730 ,‚
140 2661 245 2720 mare,
266 2661 331 2708 uno
344 2642 471 2726 quidem
485 2643 579 2708 alveo
593 2643 739 2725 usquead
756 2637 951 2710 Cercasoron
964 2635 1076 2724 (Kep-

98 2771 121 2808 „
138 2725 299 2808 κάσωρον)
317 2727 444 2805 ut'nem;
461 2725 619 2811 tripartito
634 2727 803 2809 deinceps:
825 2741 958 2809 quorum
969 2723 1077 2805 olven-

99 2853 124 2891 „
141 2829 210 2876 rum
233 2811 316 2875 onds
331 2809 368 2872 ad
384 2827 543 2888 auroram,
568 2809 652 2894 quod
670 2807 823 2875 Pctunom
843 2805 974 2888 ostium3
997 2807 1076 2871 alter

99 2935 123 2978 „
141 2893 177 2959 ad
205 2890 367 2977 vesperem
388 2891 505 2971 tendit,
526 2893 614 2974 quod
638 2891 832 2958 Canobicum
851 2889 962 2954 ostium
978 2890 1077 2956 nomi·

97 2983 125 3060 ,ς
143 2978 272 3043 natur”.
295 2975 452 3059 Etpeulio
466 2973 613 3041 inferius:
631 3017 656 3052 „
669 2974 762 3038 Aliud
772 2973 810 3038 nb
820 2973 885 3037 ullo
895 2975 1002 3037 audire
1013 2989 1077 3036 non

100 3103 122 3140 n
141 3060 251 3144 potui,
272 3055 352 3138 nifi,
373 3057 389 3138 (
400 3057 471 3123 cirm
483 3055 549 3143 ipse
559 3055 737 3130 inspiciendi
753 3056 851 3140 gretia
867 3055 905 3119 ad
923 3053 1081 3136 iilephan·
1143 3077 1144 3082 ¹
1243 3091 1247 3098 ,

99 3188 123 3226 „
143 3145 241 3210 tinem
258 3158 358 3228 usque
384 3141 493 3208 urbem
510 3139 669 3224 profereus
687 3136 775 3210 sum)
796 3137 944 3220 quiddam
966 3139 1081 3220 longis·

99 3269 123 3307 „
142 3225 232 3294 ssmae
253 3223 456 3304 narrationis,
477 3225 563 3309 quod
578 3243 616 3290 ex
633 3223 714 3290 fama
731 3221 796 3288 illic
814 3222 874 3287 ‘am
890 3219 1078 3302 inquirendo

100 3353 126 3392 ,‚
142 3309 247 3394 occepi
262 3351 274 3386 ,
292 3307 378 3372 eunti
402 3307 443 3373 ab
463 3308 542 3374 urbe
559 3309 766 3392 Elephantine
778 3241 821 3371 aei
836 3302 995 3382 iitperinra
1009 3300 1078 3368 esse

99 3435 124 3472 „
143 3393 245 3460 iocum
278 3389 452 3470 acclivem,
474 3393 527 3458 ubi
553 3387 680 3456 necesse
703 3389 761 3468 stt,
782 3389 914 3473 navigio
933 3389 1080 3472 utrinque

101 3520 125 3555 „
142 3477 292 3556 alligato,
314 3491 463 3570 tanquam
486 3476 594 3552 bove,
616 3491 772 3557 pergere,
791 3473 845 3551 dt,
866 3471 887 3538 ir
914 3469 1003 3538 funis
1024 3470 1088 3537 ab·.

100 3603 125 3641 „
142 3573 324 3644 rumpatur,
344 3557 431 3622 obire
443 3559 625 3644 navigium,
644 3557 783 3642 rapiente
798 3555 933 3622 fluminis
949 3555 1079 3640 impetu.

99 3689 125 3723 ,‚
146 3645 187 3711 Et
201 3639 306 3738 ιιοιιει
322 3642 491 3721 pervenire
510 3643 633 3728 planum
654 3639 832 3718 inlocum,
854 3641 907 3705 ubi
929 3639 967 3707 iic
983 3637 1080 3708 insule

100 3766 126 3805 „
144 3723 224 3794 Nilo
240 3723 445 3802 circumflua,
464 3731 590 3792 nomine
608 3721 821 3808 Techompso.
861 3723 912 3790 Ab
928 3723 1084 3819 Eleplron·
1207 3767 1214 3787 .

16 3836 22 3857 ·
101 3851 127 3896 r,
145 3812 209 3884 tine
225 3804 361 3896 desuper
378 3809 440 3900 jem
453 3806 627 3896 Aethiopes
647 3802 785 3874 incolere
803 3806 834 3874 &
859 3807 1022 3874 dimidium
1040 3823 1087 3868 m·

603 3887 668 3964 Dd
689 3907 710 3982 3
938 3933 965 3972 „
983 3885 1087 3968 suun,
