2760 4542
235 229 306 309 sao
354 213 415 308 rs.
449 205 644 292 vossar
680 165 1162 290 onsnnvanronns

243 399 311 452 tum
323 369 543 461 pervenissent
555 369 667 448 sinae,
685 371 792 438 omnia
811 368 861 438 sua
880 372 947 439 illic
1039 373 1153 442 nebant
1167 358 1303 448 venalia¹

353 464 373 529 ὲ
393 455 633 526 adventantibus
651 453 787 522 Exteris.
810 453 869 541 Ipfi
891 453 1000 522 verba
1015 457 1194 542 iquousque
1208 475 1297 525 rece·

40 509 42 540 Ι
130 591 136 600 .
246 549 381 624 debant,
401 537 476 608 solis
491 539 639 608 contenti
652 538 857 622 penmibus,
873 540 985 635 quibus
1001 539 1118 606 interea
1126 559 1186 626 pro
1195 539 1301 608 stratis

245 629 425 699 utebantur.
448 621 536 690 Dum
554 617 633 688 verb
647 619 830 690 advenae&
843 621 997 707 peregrini
1011 641 1131 689 merces
1145 621 1215 690 istas
1227 643 1303 688 exa·

247 713 420 787 minarent,
443 706 566 772 interea
581 705 676 770 sinae
695 701 790 771 festos
807 705 874 770 dies
886 707 1027 790 agebant.
1050 705 1103 774 Sic
1117 707 1199 773 enim
1214 707 1303 772 malo

245 797 308 883 legi
324 791 491 868 hocloco,
513 784 695 883 dprailaartr,
716 805 779 854 non
797 785 988 870 ἁρπάζουσιν,
1007 789 1093 874 quod
1106 789 1202 876 longe
1213 789 1302 856 abest

244 879 264 950 l
280 877 423 946 moribus
434 873 536 958 geratis
550 871 737 940 mitissimae.
761 869 898 938 Peractis
913 871 1076 954 nundinis,
1094 891 1301 957 acceptoque

246 961 398 1108 merciuult
408 955 560 1106 gragulas}
574 955 668 1052 Sitrae
689 951 728 1020 ad
750 951 823 1100 gam
844 955 1038 1052 remeabant,
1040 955 1303 1106 &enak-fimi?

244 1047 361 1200 1bgltstm
355 1060 491 1194 {caraem
509 1056 591 1190 3¹etl't
600 1055 760 1188 11ίῖυέυὸὃί
770 1055 913 1182 δὲξαρυῗα
934 1057 1303 1205 Γοιὲἐέἓεςῐῖἔτῗὲὲἶὲγῖ·

244 1231 343 1282 verrat
358 1207 403 1274 lari
415 1205 485 1276 reric
496 1207 600 1274 adnotat
606 1247 620 1284 ,
635 1207 686 1268 tal
695 1205 869 1278 συλλέγουσι
889 1204 929 1266 rei
942 1203 1052 1268 ἐκείνων
1065 1205 1302 1290 ὑποστρώματα.

247 1295 362 1366 Eat-his
377 1290 457 1358 verb
481 1290 596 1369 textis,
616 1287 750 1354 exemtis
808 1288 855 1354 ius
869 1289 1017 1370 calamis,
1034 1285 1112 1354 folia
1137 1289 1167 1356 in
1182 1289 1303 1373 pilulas

154 1394 156 1403 '
246 1376 508 1463 contorquebant.
524 1373 576 1440 Ex
590 1371 760 1454 majoribus
783 1371 877 1450 ollis,
900 1371 993 1442 fiebat
1018 1371 1247 1438 malobathrum
1265 1371 1303 1433 ai..

239 1461 418 1550 δρόσφαιρον
428 1503 437 1532 ,
449 1458 468 1525 lt
481 1455 690 1522 mediocribus
707 1455 919 1536 μεσάιφαιρον,
941 1453 1146 1525 antoninus
1158 1454 1242 1522 verb
1252 1477 1306 1532 aare

244 1550 433 1634 naperpapot.
455 1539 574 1608 Pilulae
589 1535 769 1606 malabathri
787 1538 901 1604 crebro
911 1557 1081 1606 occurrunt
1095 1539 1174 1624 apud
1189 1537 1302 1604 Medi·

246 1649 316 1700 τοι.
336 1629 363 1696 F
364 1627 421 1695 olii
435 1620 645 1707 pentasphaeti
662 1620 783 1690 tuentio
800 1619 838 1687 lit
851 1621 882 1688 in
897 1623 958 1707 leg.
974 1641 1045 1690 xva.
1066 1619 1110 1690 D.
1127 1625 1160 1687 de
1175 1621 1299 1692 Public.

245 1713 284 1788 9
297 1709 431 1796 vestigat.
452 1701 614 1774 Salmasius
628 1701 690 1770 hoc
718 1702 789 1773 loco
800 1703 1022 1788 catasplrarram
1040 1705 1205 1792 legendum
1223 1725 1300 1774 cco·

243 1799 310 1878 set,
332 1813 399 1860 eam
425 1787 721 1856 ueemendationem
733 1788 883 1870 optimam
903 1805 1011 1857 vocat.
1033 1787 1105 1874 Ego
1125 1810 1163 1856 ne
1178 1789 1298 1862 bonam

243 1879 369 1966 quidem
380 1895 414 1942 es
428 1871 610 1940 eerillimo.
634 1865 865 1956 lltarairtparpaa
880 1871 961 1938 idem
971 1871 1017 1940 est
1032 1873 1120 1956 quod
1134 1871 1299 1954 ἁδρὸσφαι,

243 1985 300 2051 ρον.
324 1959 420 2026 Πέντε
433 1958 517 2024 enim
528 1956 561 2022 in
573 1953 941 2041 compositioneauget&
955 1957 1087 2024 intendit
1094 1957 1298 2042 fignificatio·

241 2065 333 2126 nem,
348 2045 393 2110 uti
410 2055 538 2126 apparet
549 2038 580 2106 in
591 2037 829 2120 πεντεπενιχρός,
845 2041 1046 2118 remorantia,
1066 2043 1297 2124 πεντακόρωνος,

238 2131 369 2212 aliisque
378 2123 551 2192 vocabulis.
573 2119 1028 2217 Quamyisnonabsurdecredi
1053 2123 1168 2208 potiit,
1186 2135 1296 2207 penta·

231 2212 395 2302 spissarum
404 2208 523 2274 dictum
537 2205 626 2291 qaod
635 2223 773 2290 qumque
785 2207 949 2291 pilularum
964 2215 1086 2290 pondru
1095 2225 1147 2274 aar
1157 2209 1294 2292 pretium

237 2310 411 2448 antarta
434 2288 907 2456 tattlmbtln‘tlltlt
923 2289 1128 2442 atellei
1150 2293 1295 2442 illlis?

239 2483 310 2532 mus
325 2459 469 2529 breviter
479 2457 555 2540 quid
573 2451 914 2538 brabantensem,
932 2457 1007 2543 quid
1020 2455 1073 2536 alii
1090 2423 1222 2527 V’eteres
1230 2479 1294 2544 per

238 2543 457 2614 malobathrum
474 2539 698 2608 intellexerint.
721 2537 820 2606 Multi
839 2541 940 2608 multa
950 2543 989 2606 de
1001 2542 1062 2608 lroc
1079 2537 1295 2626 scripserant,

237 2650 332 2702 nemo
349 2643 452 2694 tamen
473 2624 658 2704 veritatem,
680 2621 768 2708 quod
796 2619 916 2704 sciam,
939 2623 1105 2692 adsecutus
1121 2623 1175 2692 est.
1220 2624 1293 2692 Nn·

237 2733 311 2787 men
328 2711 417 2798 quod
438 2710 571 2786 attinet,
592 2707 668 2775 iliad
697 2706 866 2777 etiamnum
885 2725 990 2776 manet
1010 2707 1091 2788 inter
1115 2705 1229 2790 indos,
1253 2709 1291 2779 fi·

236 2800 363 2888 quidem
380 2794 469 2860 Beata
479 2793 513 2858 dt
527 2789 736 2856 Tamalabatra
750 2791 930 2875 appellatur.
973 2790 1199 2870 Facultates&
1215 2793 1291 2860 illac

238 2877 475 2971 quodammodo
494 2873 696 2970 conveniunt.
719 2872 849 2940 Prorsus
861 2877 967 2956 itaque
980 2894 1045 2944 non
1061 2873 1290 2962 dubitandum,

237 2967 313 3052 quin
325 2955 505 3028 malabathri
520 2975 649 3029 uomrne
665 2957 859 3024 antelleuum
870 2957 967 3024 fuerit
980 2959 1058 3024 olim
1071 2961 1149 3024 berre
1161 2959 1291 3028 bodier·
1352 2977 1353 2999 l

235 3068 322 3118 num.
364 3047 426 3114 Sed
444 3043 607 3110 videamus
626 3059 662 3106 au
684 3041 788 3108 ortaria
808 3059 890 3128 quae
901 3041 940 3108 de
953 3041 1138 3108 mutarim
1153 3041 1291 3112 Veteres
1351 3047 1352 3075 ¹

234 3131 429 3208 retulerunt,
450 3126 558 3194 itidem
579 3123 619 3191 tle
642 3126 721 3190 berre
742 3123 804 3192 dici
826 3125 951 3210 possint.
998 3125 1044 3204 Ac
1063 3127 1197 3213 primlrm
1223 3129 1290 3196 Pli·
1350 3109 1351 3149 ¹

235 3217 327 3295 nius,
341 3207 669 3305 Dioscoridesdtalii,
689 3207 828 3276 scribunt
841 3209 1059 3276 malobathrum
1074 3209 1291 3298 esseplantarn
1347 3173 1350 3225 γ

275 3300 430 3373 uaricem,
450 3311 486 3358 ac
500 3292 595 3359 lentas
610 3291 751 3377 palustris
769 3311 859 3360 more
874 3312 972 3378 aquae
989 3296 1145 3372 innatare,
1165 3295 1290 3382 absque

232 3387 297 3452 ala
316 3381 433 3447 radice.
472 3375 561 3441 Betre
575 3387 655 3444 vero
676 3375 771 3460 plane
789 3375 939 3444 terrestris
957 3375 1023 3457 est,
1044 3379 1144 3462 piperi
1187 3397 1227 3444 ue
1243 3377 1288 3446 in·

232 3469 293 3537 star
308 3465 438 3531 arborea
453 3461 574 3547 quaerit
583 3503 595 3540 ‚
610 3478 687 3544 quas
697 3459 1109 3544 ampteuatur,qutbusqae
1123 3457 1153 3526 se
1180 3459 1289 3528 ulciac-

189 3627 190 3632 ,
232 3545 494 3620 Melabatlrrama
520 3545 561 3609 ud
584 3545 670 3610 Sinas
690 3544 721 3610 dt
745 3545 834 3612 Seras
858 3543 986 3626 copiose
1002 3545 1230 3624 proveniebat,
1252 3563 1288 3611 ut

231 3657 272 3704 ex
287 3647 462 3700 memorato
504 3625 593 3710 tripli
606 3629 680 3694 loco
691 3625 787 3694 facile
804 3627 908 3711 colligi
926 3627 1047 3711 potest3
1069 3643 1100 3692 at
1114 3627 1287 3702 verbbetre

231 3733 355 3788 tanturn
379 3716 417 3782 in
431 3711 516 3778 lndia
534 3707 688 3788 nascitur,
710 3711 743 3776 dt
756 3707 825 3776 fert
839 3711 919 3794 apud
935 3707 1289 3792 Melabarrostantlrm3

230 3801 313 3888 apud
333 3799 421 3866 Sinas
436 3794 516 3862 verb
537 3811 720 3880 nunquam:
742 3795 947 3877 quamobrem
967 3794 1111 3876 Sinonies
1143 3793 1288 3862 abinalia

229 3882 464 3970 magnopretlo
482 3877 562 3944 illud
578 3893 705 3953 emunt.
729 3894 766 3942 ut
784 3879 892 3962 prodit
913 3877 1038 3954 Aeolia.
1082 3877 1142 3947 Sed
1159 3879 1190 3944 dc
1206 3879 1289 3946 istud

224 3981 353 4050 quoque
368 3963 456 4048 quod
473 3961 613 4031 adfirmat
639 3959 760 4044 Penta
790 3959 929 4044 tueor,
951 3979 1015 4031 tam
1039 3955 1286 4108 copiosgagralo·

1208 4063 1289 4110 rrum
