2742 4544
170 303 179 324 .
235 210 305 288 Au
330 207 476 286 POMP.
499 205 696 286 Mutant.
721 203 797 286 Irin.
820 199 885 286 Ill.
910 209 992 285 cn.
1012 198 1075 284 lis.
1127 217 1198 296 869

145 369 275 459 Nempe
290 371 376 458 quod
390 369 465 438 alibi
484 367 554 434 fere
566 369 692 434 evenire
706 365 805 450 solet,
828 385 862 436 ut
881 369 981 454 magni
994 369 1082 436 fluvii
1099 367 1197 454 pisces

140 455 246 522 serant
264 471 410 538 magnos,
432 455 465 520 id
478 449 577 536 ipsum
597 469 725 536 quoque
744 453 797 519 hic
816 456 986 538 contingit.
1028 453 1196 532 Nusquam

145 541 278 620 majores
296 537 327 603 dr
346 538 453 622 plures
471 537 688 620 hippopotami
702 555 798 620 atque
814 538 843 602 in
863 538 977 618 Zaite,
998 536 1096 602 liuvio
1109 537 1195 606 Con·

142 623 243 707 geniis
257 619 370 706 tegni,
392 621 447 706 qui
465 620 574 686 iisdem
589 637 628 684 ac
643 617 675 685 N
680 619 739 684 ilus
750 621 851 686 oritur
864 618 1026 701 sontibus,
1041 621 1196 686 omnium·

143 725 207 787 que
224 705 351 772 Africae
370 701 534 772 fluminum
548 703 592 770 est
609 703 781 784 maximus,
803 703 1036 774 filatitudinem
1051 708 1082 769 dt
1100 722 1195 788 aqua·

141 807 213 855 rum
230 789 351 873 copiam
376 784 513 872 spetleca
544 787 634 867 hujus
652 787 771 872 quippe
788 783 943 853 &nescio
967 787 1004 854 ad
1026 787 1195 872 octoginta

143 889 373 956 nonnunquam
391 869 533 956 passuum
549 871 647 938 millia
657 872 760 937 dulcis
774 871 805 937 in
821 873 895 936 mati
908 871 952 939 eil
967 869 1099 938 haustus.
1122 871 1193 938 illio

1 979 12 1015 ·.
142 955 359 1044 hippopotami
378 973 440 1021 noo
457 953 620 1041 fluviatica,
649 952 702 1018 sed
720 957 852 1020 natiuae
874 955 954 1024 fiunt
975 955 1096 1032 belinae
1112 975 1138 1034 ι.
1153 973 1193 1020 ac

1 1087 8 1094 .
144 1038 286 1122 genuinis
295 1081 312 1136 ,·
325 1055 407 1136 quoa
419 1037 564 1124 utrinque
577 1055 726 1107 cornuum
745 1037 835 1106 instar
854 1038 919 1108 alte
937 1038 1102 1114 exserunt,
1123 1041 1195 1106 lon·

143 1123 185 1206 ge
207 1121 360 1188 Nilotrtas
375 1117 539 1208 saeviores.
571 1121 633 1188 Sed
650 1121 682 1200 da
699 1120 1016 1208 crocodiliquoque,
1031 1124 1061 1188 lit
1077 1120 1144 1188 istic
1158 1122 1191 1190 dt

142 1225 199 1290 pet
214 1201 390 1272 universam
406 1200 534 1270 Africae
546 1221 632 1270 oram
647 1203 756 1271 Zouae
769 1193 915 1272 fervidae
928 1204 1096 1288 subicslam
1106 1249 1116 1282 ,
1128 1218 1193 1272 non

4 1361 12 1372 ,
145 1306 235 1373 parea
252 1305 367 1354 tantem
383 1285 553 1363 Niloticis,
574 1285 627 1352 sed
641 1287 672 1353 dt
688 1285 779 1371 saepo
795 1289 936 1370 majores.
970 1291 1191 1372 Superioribus

1 1441 8 1513 ,’
144 1457 237 1535 uiue,
257 1455 430 1554 iiademque
444 1473 482 1522 ao
496 1457 588 1523 Zalre
604 1473 705 1522 oritur

4 1405 8 1416 ·
147 1373 234 1436 annia
253 1369 387 1438 Lusitani
403 1375 443 1439 ad
456 1371 654 1470 Cuama‚qui
670 1369 1056 1540 &Qsltlrtt‘rbaglsiefiangmaffi
1072 1365 1194 1522 mg·

878 1503 889 1535 ,
1179 1489 1195 1522 r

1 1585 10 1610 ,.
141 1539 241 1604 'traria
265 1537 353 1618 fluit,
374 1555 522 1605 invenere
544 1538 678 1606 cadaver
695 1539 847 1608 crocodili·
864 1538 905 1607 ad
923 1537 1078 1625 sexaginta
1097 1539 1193 1622 pedet

1 1679 2 1686 ,
143 1622 338 1706 pontoium:
351 1623 448 1690 medii
461 1621 604 1705 corporo
620 1621 756 1689 ambitur
772 1625 899 1710 triginta
913 1625 1042 1698 circiter
1056 1637 1123 1687 etat
1139 1639 1195 1706 pe-

1 1705 3 1716 ’
146 1708 230 1777 dum.
276 1704 313 1772 ln
325 1703 420 1774 vastia
433 1705 509 1772 novi
525 1706 621 1772 Orbit
634 1703 812 1772 fluminibus
828 1707 980 1774 affirmant
998 1702 1128 1788 Hispani
1146 1705 1196 1772 vi·

143 1787 227 1856 losa
248 1786 280 1854 se
294 1783 851 1874 crocodilos‚quiadcentumpedts
859 1789 1087 1874 excrevissent.¹
1107 1787 1195 1856 Cum

143 1871 195 1940 hia
211 1875 386 1958 comparati
404 1871 559 1952 Nilotici,
580 1874 688 1940 lacerti
704 1871 824 1960 possint
842 1875 954 1942 videti.

187 1959 208 2024 l.
231 1977 282 2044 93·
305 1957 416 2022 Contra
441 1958 550 2022 eosdem
565 1955 643 2041 sunt
669 1957 783 2039 insulae
812 1956 991 2045 Gorgades]
1019 1957 1107 2025 Dum
1130 1975 1197 2024 nou

142 2057 242 2109 uuum
258 2057 380 2108 tantum
398 2039 584 2108 Hannonem
596 2087 607 2122 ,
618 2036 672 2106 sod
689 2041 767 2107 alios
779 2059 906 2124 quoque
924 2039 1065 2126 sequitur
1075 2041 1198 2108 Auum

50 2123 53 2128 “
143 2142 220 2202 rea,
249 2123 363 2192 iterum
383 2140 505 2210 peccat.
554 2123 739 2193 Monuimut
760 2123 927 2208 superius,
956 2143 1044 2192 oram
1066 2123 1202 2190 Africae

143 2207 358 2287 Atlanticum,
385 2225 649 2293 antequamarma
672 2207 884 2297 Romanorum
906 2211 947 2277 eu
972 2211 1199 2294 pervenirent,

144 2309 184 2358 ear
198 2311 261 2366 uno
276 2289 398 2360 lantum
409 2308 515 2360 uotam
532 2288 632 2359 fuisse
645 2289 811 2360 Hannone.
854 2292 885 2360 ls
900 2313 978 2360 vero
992 2293 1140 2368 insulam,
1161 2300 1197 2359 in

1 2446 2 2450 ,
145 2393 208 2460 qua
222 2375 367 2464 Gorgiles
386 2375 438 2442 vol
459 2377 608 2463 lingum
617 2371 719 2442 essent
727 2363 884 2456 feminae,
896 2379 990 2444 tridui
1000 2378 1203 2459 navigatione

1 2467 3 2486 ²
142 2455 323 2530 ulmetium
339 2460 444 2538 ligone
458 2461 605 2530 collocat.
641 2458 821 2552 Quomodo
835 2479 870 2526 ea
892 2462 953 2528 hoc
969 2463 1075 2527 nolito
1091 2456 1207 2526 seculo

144 2543 343 2630 appellatur,
361 2541 502 2628 superista
518 2545 737 2612 indicavimus,
779 2536 849 2611 Hit
862 2545 944 2612 vero
955 2563 1012 2622 per
1027 2543 1199 2628 Gorgonum

1 2639 2 2654 ¹
144 2625 275 2710 inlusum
294 2627 497 2712 intelligenda
517 2627 562 2694 est
585 2627 698 2700 sitnm
718 2643 789 2694 nam
813 2627 845 2693 in
870 2627 928 2692 hac
946 2625 1200 2710 Gorgonasvlrabi·

1 2712 2 2715 ’
148 2707 607 2795 taaseretulerePalaeplratus,
627 2708 810 2791 Diodorus,
824 2711 857 2775 dt
870 2711 947 2792 alii,
968 2709 1204 2776 contundentes

1 2801 11 2878 f
145 2811 301 2862 eumcum
314 2813 390 2861 vera
407 2795 577 2881 Garganum
590 2791 707 2876 lrtsulo,
727 2811 820 2878 quam
847 2791 1030 2860 multoeese
1051 2791 1202 2858 remotio·

146 2893 215 2946 rem
229 2877 389 2946 manifeste
405 2897 446 2946 ex
462 2875 530 2964 ipso
550 2875 705 2944 Hannone
725 2877 799 2942 coll'
823 2877 832 2940 i
854 2875 966 2960 potest.
1012 2875 1103 2940 ome
1120 2871 1205 2940 verli

1 2985 2 2988 ¹
147 2959 247 3032 hodie
267 2963 311 3026 est
335 2960 369 3028 A
431 2965 477 3044 it,
501 2957 597 3030 insula
618 2959 764 3026 dulcibus
799 2975 944 3028 maenaa
991 2959 1037 3038 is,
1057 2959 1094 3024 atl
1114 2975 1204 3024 com·

1 3069 2 3072 ’
145 3044 264 3116 mercia
278 3061 351 3114 cum
401 3045 581 3132 etlriopibuc
598 3043 693 3108 valde
708 3043 864 3130 apposita,
883 3039 1202 3126 acoinocipsuna

144 3127 302 3198 Lusitania
319 3129 550 3208 commendata.
590 3125 738 3206 illelmus
756 3127 797 3192 de
811 3126 873 3198 lrao
884 3127 1031 3194 nonnulla
1044 3123 1203 3214 superius,

147 3213 181 3282 dt
216 3212 283 3282 lura
299 3215 340 3278 od
353 3213 532 3280 Hannonem
548 3209 652 3278 sumus
666 3210 792 3278 uiumi-
1253 3233 1257 3244 ·

187 3229 215 3366 s
231 3316 286 3382 ⁹5·
308 3295 537 3378 Pronvmoiu,
555 3289 757 3374 cul‘Fartpou
775 3293 864 3377 κέρας
886 3310 987 3376 namen
1001 3289 1065 3379 eil]
1084 3291 1206 3360 Pliniue
1253 3339 1257 3348 ,

143 3396 182 3454 ut
201 3377 310 3464 saepe,
332 3382 376 3450 ita
391 3399 519 3466 quoque
538 3379 592 3448 hic
609 3379 690 3445 male
712 3375 830 3444 sensum
854 3377 1002 3446 Auctoris
1020 3375 1113 3446 nostri
1129 3395 1204 3472 pera

143 3463 251 3548 cepita
269 3482 337 3532 non
351 3466 435 3534 euim
449 3464 469 3532 a
483 3462 739 3550 septentrionem
759 3461 943 3543 meridiem,
966 3461 1018 3528 sed
1034 3459 1200 3528 ameridre

85 3605 95 3632 ,
142 3545 393 3632 septentrionem
414 3545 523 3616 versut
538 3543 692 3632 procedit.
729 3545 816 3613 Hinc
831 3543 947 3612 sallum
962 3545 1026 3623 est,
1048 3545 1145 3610 utlib.
1165 3565 1202 3617 v.

141 3649 214 3715 cap
231 3645 255 3694 1.
293 3630 480 3717 Hesperium
495 3630 591 3700 Geras
608 3627 673 3698 sive
688 3631 940 3712 promuntorium
953 3629 1062 3710 decem
1078 3627 1199 3692 dietum

141 3714 345 3864 navigaffioue
359 3708 672 3862 mmmuifseffi‘
681 3713 917 3862 strimh’eatque
930 3713 967 3781 sit
976 3711 1203 3859 sliefm'oche·

145 3799 399 3957 1⁰1³..an
406 3799 643 3962 liupila...
657 3801 1092 4032 dissuasimus&
1104 3811 1206 4030 lilii

759 3983 838 4050 ΗΒ
1134 3983 1213 4042 Um»
