2716 4552
417 249 1197 362 PRAEFATIO·

271 487 306 541 ‚9
328 447 389 526 ria·
412 435 553 524 exinde
575 441 756 544 repperi,
787 447 979 544 quantum
993 441 1089 524 mihi
1114 471 1193 552 pro
1214 436 1321 546 innul

269 599 301 652 9,
335 555 449 636 meris
487 567 567 632 tam
600 549 854 631 saecularium
880 573 1010 635 rerum
1036 559 1174 652 turis',
1211 587 1321 666 quarn

274 717 306 768 ‚‚
336 663 476 749 nostri·
498 657 692 768 proposui
726 661 921 754 habenis,
967 665 1164 750 melnfluis
1206 671 1321 780 hujru

272 810 305 879 ς,
332 773 512 884 opusculi
529 771 702 880 paginis,
732 773 798 854 vel
831 768 978 854 eisdem
1000 799 1135 860 eorunr
1166 779 1321 868 senten

252 936 302 992 .„
334 889 419 982 tiis,
449 883 513 968 vel
549 899 657 964 carte
696 882 879 964 brevitati
919 905 1081 990 operam
1123 891 1321 994 tribuens,

266 1031 301 1102 3,
328 999 425 1082 meis
445 993 579 1080 vorbis
597 991 777 1074 ordinare
791 989 931 1099 sategi,
962 1012 1171 1102 totumque
1197 1027 1322 1110 opusa

264 1123 293 1212 ,·,
328 1113 461 1193 culum
481 1107 522 1187 in
546 1103 702 1185 duobus
719 1105 864 1183 libellis
882 1102 1065 1203 distinxi,
1096 1113 1150 1190 ira
1169 1129 1219 1195 ut.
1232 1119 1315 1224 pri·

265 1275 299 1322 2,
329 1241 415 1303 mus
437 1218 645 1320 utriusque
665 1221 779 1295 marla
792 1217 1157 1326 vocabulorumqua
1173 1245 1308 1310 corum

265 1383 298 1434 „
329 1330 484 1425 causas,
513 1344 688 1409 necnon
710 1323 942 1420 insularum,
967 1345 1068 1432 quae
1090 1333 1131 1414 in
1148 1337 1203 1414 eis
1221 1333 1312 1420 sunt

264 1491 297 1544 9,
328 1439 642 1544 fitae‚quatrrvis
662 1437 834 1517 breviter
850 1434 1034 1542 digestis,
1063 1445 1307 1528 contineret:

265 1605 297 1654 „
326 1549 519 1636 secundus
555 1565 685 1628 autem
720 1544 864 1626 faciem
906 1561 1118 1648 terrarum,
1147 1551 1309 1638 auctora

265 1697 294 1763 3,
326 1669 487 1772 vigente
522 1659 707 1752 ratione,
746 1653 946 1738 succindic
976 1660 1209 1765 aliquantula
1243 1667 1312 1749 de..

262 1811 293 1874 ·‚,
315 1765 878 1875 -nonstrattonepatefacerea

316 1887 365 1971 ln
379 1879 633 1987 sequentibus
651 1877 936 1961 Auctormarla
953 1897 1071 1986 atque
1086 1886 1244 1986 insulta,
1266 1893 1306 1974 dt

260 1999 364 2082 libro
388 2013 450 2076 11.
478 2011 661 2099 magnam
685 1993 924 2074 continentis
945 1992 1135 2101 Europae
1153 2011 1303 2105 partem

262 2107 444 2192 describit
453 2102 591 2185 iisdem
603 2101 688 2181 fere
699 2103 853 2195 verbio,
872 2103 1301 2214 quibusScriptorerah

258 2216 483 2303 eovlaudati
498 2212 657 2296 strarant
672 2213 753 2294 usi:
784 2235 903 2318 quare
923 2217 1040 2296 etiam
1056 2239 1198 2324 operae
1213 2243 1301 2327 pre*

254 2336 361 2414 tium
380 2321 498 2422 duxi,
528 2341 572 2406 ut
589 2321 755 2420 cundia,
784 2345 924 2426 quaen
944 2323 1166 2434 Pomponio
1188 2329 1300 2416 Mela

250 2453 457 2527 mutuatur
493 2433 599 2530 duit,
636 2454 726 2515 cum
756 2435 867 2514 edito
902 2439 1114 2544 exemplari
1141 2465 1299 2550 compa.

250 2573 412 2645 rorem,
442 2545 665 2650 ,eademque
696 2565 787 2629 curn
821 2548 983 2650 optimis
1010 2547 1131 2632 MSS.
1168 2555 1296 2636 antici

248 2653 636 2752 consentire-didici,
663 2656 909 2761 &Excerpta
932 2682 966 2737 r.
985 2659 1145 2742 innotis
1163 2668 1298 2772 appel·

252 2779 346 2859 lavi.
378 2772 515 2878 Quum
543 2789 639 2849 vero
659 2791 709 2848 ox
725 2766 810 2873 ipso
830 2768 948 2849 titulo
965 2789 1046 2851 non
1064 2771 1221 2876 prorsus
1239 2775 1294 2856 dl·

243 2881 383 2968 lucide
428 2877 584 2962 constet
627 2873 676 2959 de
720 2879 880 2961 nomine
922 2877 1139 2977 Auctoris,
1175 2900 1295 2988 atque

246 3003 370 3079 ctiam
389 2994 537 3100 Regis,
567 2992 629 3072 cui
649 2986 751 3071 istud
773 3011 874 3096 opus
892 2991 1214 3098 Geographicurn
1231 2998 1294 3078 in·

245 3109 438 3216 scripturn
454 3100 533 3202 est;
563 3123 614 3181 cx
648 3095 775 3181 tribus
803 3117 932 3183 tamen
951 3101 1158 3205 postremis
1179 3109 1292 3187 voci·

241 3219 345 3314 drus,
375 3214 574 3297 Servorum
601 3209 681 3292 Da·
702 3212 879 3306 extimus,
908 3209 1026 3293 facile
1046 3216 1179 3322 colligi
1198 3238 1291 3321 pos·

93 3391 98 3400 .
241 3331 287 3412 se
314 3327 492 3420 videtur,
522 3321 627 3408 istud
653 3321 914 3430 compositum
938 3321 1057 3405 fuisse
1084 3321 1132 3404 ab
1148 3325 1292 3414 Eccle-

243 3441 324 3524 siae
353 3437 576 3518 Gallicanae
609 3431 816 3542 Episcopo
838 3436 938 3515 circa
974 3431 1070 3513 illud
1108 3452 1288 3542 tempus,

243 3574 327 3655 quo
358 3546 582 3628 Normanni
607 3545 826 3646 Sequanam
852 3539 1034 3638 invecti,
1063 3545 1287 3650 Rothoma

239 3681 335 3768 gum
349 3673 539 3762 ceperunt
557 3655 595 3736 δι
612 3651 881 3759 diripuerunt,
904 3671 1033 3759 ‘atque
1058 3655 1287 3764 inscriptum

233 3770 385 3853 ‘Carolo
412 3764 562 3860 Calvo,
593 3787 687 3844 tunc
704 3759 1153 3870 -temporisaquitaniae
1165 3771 1283 3873 Regi.

191 3889 193 3896 '
265 3878 491 3962 ·-Posterior
512 3875 650 3960 Codex
659 3871 888 3957 nitidissrm‘e
913 3879 1282 3971 exaratus,‘tabulas

234 3991 449 4090 ,insolutam
483 3990 597 4074 maria
632 3985 903 4098 mediterranei
933 3985 1048 4074 variis
1078 3988 1281 4180 ⁶⁰¹⁰ffibu⁵

1135 4099 1285 4184 aabre
