2752 4538
223 166 322 256 10⁶4
440 145 1062 236 DEDICATlONES

220 341 303 396 onae
326 321 403 392 sides
423 317 626 388 recusationi·
653 319 773 402 hujus?
803 318 931 404 Nempe
954 337 1023 387 tnta
1045 322 1163 400 ineo,
1197 321 1276 407 quod

223 405 369 474 vaticani
383 407 415 472 ἀ
440 407 581 471 omnium
599 406 768 482 codicum,
793 423 873 490 quos
891 405 1009 469 viderit
1030 405 1186 482 Vossius.
1210 425 1277 472 cou-

220 489 352 558 stanten
370 483 536 554 lectionem
557 487 716 573 praedicet
741 492 841 566 banc,
864 490 967 550 deinde
980 491 1093 565 istrum
1115 491 1277 573 iterumque

215 575 330 670 alfusus
350 575 389 636 nd
405 569 547 658 ntia&
565 573 604 634 ttd
621 569 731 635 Melita.
773 573 821 636 Sit
843 569 993 636 sancita:
1016 591 1078 656 ego
1094 589 1207 638 tamen
1220 593 1274 638 tes·

218 672 279 724 tati
304 654 428 740 possum
445 657 529 740 ptius
545 655 622 722 illud
638 659 747 718 iterun
768 653 799 718 in
816 651 936 736 scripto
949 655 1062 720 codiee
1082 656 1273 738 repertun'a

219 758 273 808 rne
286 759 345 806 non
362 737 469 805 fuisse.
514 735 616 804 lmmo
631 755 690 803 nec
708 737 752 803 esl
767 737 797 802 in
816 737 960 804 Cbifiano
984 739 1172 820 exemplari.
1217 739 1273 806 ue·

217 825 291 890 inde
309 825 341 890 in
359 823 469 888 iisdem
488 841 551 888 non
572 823 735 904 legebatur
755 819 866 900 Desit,
888 821 940 886 sed
962 823 1045 886 clare
1060 820 1212 886 Deltltnm
1231 825 1275 888 vel

213 904 349 975 Delium.
394 906 439 978 Et
461 909 494 970 in
508 901 647 984 summa,
667 907 913 970 emendationem
937 905 1034 972 Vosui
1053 927 1120 972 non
1136 904 1206 970 esse
1221 926 1277 970 rna·

214 1007 292 1056 num
315 989 485 1072 Pomponii
496 989 666 1056 certissime
684 990 798 1056 &milti
813 985 945 1071 persuafi
961 995 990 1054 dt
1008 992 1078 1056 aliis
1095 987 1278 1073 persuadete

211 1071 311 1140 facile
327 1075 479 1152 possum
501 1071 553 1137 sed
569 1074 602 1138 id
615 1069 720 1136 facete
736 1091 799 1138 non
816 1072 926 1156 putavi
940 1070 1007 1135 esse
1019 1075 1112 1156 liujus
1123 1079 1276 1156 temporis

212 1175 271 1225 aut
294 1155 382 1234 loci,
405 1157 477 1240 quit
489 1152 555 1240 ipso
570 1157 599 1220 in
618 1157 689 1220 loco
704 1157 842 1220 nondum
856 1157 930 1220 inibi
947 1154 1118 1222 satisfacio.
1144 1155 1187 1221 lit
1202 1161 1277 1221 baec

213 1239 379 1307 haesitatio
391 1246 452 1306 non
469 1257 593 1306 tantum
606 1240 635 1305 in
647 1239 706 1304 boc
721 1239 794 1304 loco
809 1257 859 1303 me
872 1239 1037 1316 eontinet,
1058 1247 1275 1326 coercetque,

209 1323 266 1392 fed
279 1323 312 1390 in
331 1323 437 1388 multis
449 1325 541 1394 aliis,
560 1341 641 1406 quae
658 1319 759 1388 otiose
776 1323 805 1388 dt
821 1322 873 1386 diu
891 1323 1097 1407 contemplati
1118 1325 1194 1388 mibi
1211 1345 1272 1390 non

213 1407 317 1478 licuit.
360 1403 395 1472 ln
411 1407 526 1489 quibus
540 1423 640 1473 tamen
652 1406 759 1478 licuit.
780 1425 841 1470 non
857 1407 998 1472 dubitavi
1009 1427 1068 1492 pto
1084 1407 1169 1471 virili
1184 1426 1273 1491 parre

210 1490 324 1558 afferre
344 1488 386 1550 rei
410 1493 529 1570 talpae,
555 1507 590 1555 ut
615 1490 822 1572 loquebantur
845 1491 916 1567 illi,
946 1489 1159 1556 &consulere
1180 1493 1273 1575 placi·

207 1573 338 1642 ditfimo
352 1587 441 1638 certe
462 1575 493 1639 dc
512 1572 709 1638 sellivisfimn
721 1576 752 1638 in
770 1591 853 1650 tam,
871 1593 912 1637 ut·
926 1573 991 1654 ipse
1002 1593 1079 1638 vete
1092 1575 1196 1652 dixit,
1213 1593 1271 1640 uon

208 1659 347 1740 benigna
366 1659 516 1740 materia,
543 1655 575 1722 dt
598 1673 754 1740 nunquam
784 1653 846 1721 line
874 1653 991 1722 summa
1009 1657 1150 1722 lubentia
1171 1657 1269 1735 lesio,

207 1759 311 1826 utque
329 1740 445 1824 opinor
464 1741 495 1806 dt
513 1736 604 1823 spero
615 1740 741 1822 polibae
754 1735 874 1820 saepius
887 1740 1022 1823 legendo
1037 1737 1171 1820 scripto.
1188 1740 1267 1808 Nam

209 1843 292 1912 quos
309 1841 431 1890 errores
450 1823 483 1890 iu
503 1841 543 1890 eo
556 1823 595 1888 ab
608 1823 675 1888 aliie
691 1821 898 1906 deprehensos
918 1823 1143 1904 &publicatos
1163 1825 1266 1906 viden,

209 1909 332 1974 utinam
348 1909 381 1974 in
396 1907 478 1986 illis,
491 1925 574 1993 quae
588 1905 638 1990 ipsi
652 1903 861 1992 seripserunt,
879 1905 1102 1990 scribuutque.
1127 1927 1190 1975 non
1204 1909 1271 1991 plu·

206 2011 259 2058 res
283 1991 557 2075 projicerentur&
574 1989 705 2075 projesti
724 1987 839 2055 essent.
881 1989 980 2056 Tolle
997 1993 1154 2074 quosdam
1174 2011 1272 2077 popu·

205 2076 309 2154 lares,
333 2075 365 2139 dt
383 2093 401 2138 t
446 2072 536 2140 osees
550 2075 671 2153 nullos,
693 2073 749 2142 nisi
767 2075 942 2156 placuerint
961 2076 1094 2158 maligni
1108 2077 1215 2155 oculi,
1241 2078 1272 2141 dc

207 2159 248 2224 de
268 2157 306 2220 iis
322 2155 407 2238 fingu
424 2159 449 2220 is
468 2153 706 2238 respondentem
726 2175 811 2220 nunc
820 2175 929 2239 agere,
949 2176 1010 2222 nou
1033 2157 1099 2224 suit
1118 2161 1271 2244 temporis

203 2239 300 2308 uolbi
316 2236 520 2304 velinstituti.
543 2239 635 2304 llaec
650 2238 752 2304 nostra
768 2239 998 2326 qualiacunque
1009 2241 1097 2325 sunt,
1128 2245 1172 2308 mi
1192 2242 1271 2308 lee-

205 2343 279 2398 tor,
300 2339 334 2386 ut
353 2321 459 2388 inillis
479 2321 639 2388 liberrime
654 2319 772 2386 sensum
791 2341 894 2394 meum
915 2323 1071 2410 patefeci,
1096 2329 1160 2392 boc
1175 2345 1270 2392 uuum

205 2427 323 2494 agens,
354 2421 389 2470 ut
402 2404 612 2473 ardentissime
633 2402 807 2490 speculatus
824 2407 902 2474 illud
920 2409 1102 2475 admirabile
1122 2409 1214 2494 hujus
1234 2431 1269 2474 o·

204 2487 328 2576 pusculi
356 2489 512 2572 ingenium
539 2490 631 2572 plene
653 2489 883 2571 intelligerem:
905 2492 950 2556 ita
973 2494 1133 2561 liberrime
1151 2515 1187 2558 ut
1205 2495 1268 2560 illis

202 2575 323 2652 utaris,
345 2589 449 2658 rogo,
467 2573 588 2654 &quae
609 2571 705 2636 alienu
719 2573 757 2636 ab
776 2573 1148 2654 Pomponioerislimare
1200 2593 1263 2653 tce,

200 2678 250 2726 ine
265 2658 438 2740 permitte,
459 2675 497 2722 ne
513 2657 629 2733 erede,
648 2656 818 2742 quidquam
834 2659 935 2723 inuito
956 2677 1010 2723 aut
1028 2659 1152 2727 incredu
1166 2681 1187 2725 n
1202 2661 1265 2726 tibi

202 2742 335 2827 imponi.
380 2740 484 2808 Sed&
498 2759 533 2806 ut
552 2759 734 2825 augeremus
749 2741 885 2823 pretium
900 2744 1136 2828 bonitatemque
1153 2745 1268 2810 editio-

205 2827 257 2893 nis
277 2827 394 2908 bujus,
414 2841 594 2906 excerptum
611 2823 683 2906 iulii
703 2823 835 2890 lionoris
851 2825 992 2893 Oratotis
1006 2830 1059 2893 vel
1077 2849 1117 2894 ent
1130 2847 1170 2894 eo
1188 2827 1269 2894 alte·

202 2911 290 2989 tius,
321 2907 406 2988 quod
429 2909 525 2973 toties
548 2909 680 2974 citatum
702 2908 742 2971 ab
767 2909 844 2973 viris
870 2909 970 2974 dosiis
997 2913 1264 2994 meritissimus,

205 3011 304 3078 quum
323 2989 443 3056 Parisiis
462 2989 624 3071 essemus,
650 3009 688 3055 ex
707 2991 923 3058 Bibliothecae
943 2991 1138 3062 Tbuanaeae
1157 3015 1265 3061 exem·

201 3077 283 3160 plari
305 3073 325 3140 l
346 3074 439 3139 uobis
463 3072 677 3159 descriptum,
707 3074 764 3138 lrac
788 3077 947 3143 occasione
962 3097 1024 3142 non
1045 3080 1129 3145 ultra
1144 3078 1267 3164 suppri·
1358 3117 1359 3122 κ

202 3159 354 3226 urendum
369 3158 569 3240 putavimus,
597 3156 768 3240 &quidem
786 3157 852 3236 ita,
874 3177 909 3224 ut
929 3161 1003 3226 nibil
1016 3164 1046 3228 iu
1060 3182 1101 3228 eo
1120 3163 1214 3229 nobis
1229 3165 1266 3232 li·

204 3259 278 3310 cere
291 3241 463 3319 vellemus,
485 3241 537 3306 sed
552 3237 720 3324 prorsusid
736 3240 884 3320 baberet,
906 3245 998 3324 quale
1013 3248 1042 3310 in
1058 3245 1265 3314 vetustissima

200 3325 381 3396 membrana
400 3326 574 3404 reperitur,
595 3323 633 3386 ad
648 3325 1006 3408 litter·amconveniens;
1029 3329 1062 3394 iu
1083 3349 1151 3414 quo
1173 3351 1263 3397 unus-.

202 3411 340 3499 quisque
352 3403 384 3472 se
395 3425 549 3473 exerceat.
594 3405 658 3473 llis
671 3424 706 3472 ut
722 3404 812 3490 saepe
823 3412 955 3476 antebac
969 3409 1107 3494 factum,
1131 3413 1265 3480 Cosmo·

225 3515 256 3560 ra
282 3493 362 3558 biam
391 3490 630 3576 subjunximus,
663 3509 744 3574 quae
773 3491 942 3559 Aethicum
962 3497 1121 3562 tutiorem
1148 3497 1263 3564 liabete

201 3513 285 3648 dard>
307 3573 448 3650 credita.
470 3593 506 3640 ut
521 3573 720 3640 obstinatum
738 3573 816 3652 piris
835 3577 956 3644 dusiis:
981 3579 1011 3645 dt
1037 3599 1079 3645 ne
1094 3580 1176 3646 nuda
1197 3584 1264 3648 etri·

201 3679 276 3740 ret,
295 3658 464 3726 varietates
478 3658 664 3733 lessionum,
678 3675 754 3740 quat
766 3655 917 3742 scripturn
934 3661 1079 3745 eiusdem
1093 3663 1266 3732 bibliothe-

201 3765 259 3813 cae
276 3741 417 3808 codicem
433 3741 510 3812 olim
527 3742 567 3806 ad
582 3740 702 3836 editum
716 3757 932 3823 comparantes
948 3750 1185 3826 annotavimus,
1207 3767 1263 3833 ap·

201 3827 374 3910 posuimus.
397 3822 432 3890 ld
443 3843 571 3921 quoque
581 3823 698 3908 publici
710 3829 866 3896 commodi
876 3827 981 3900 causa:
996 3832 1048 3898 cui
1057 3831 1132 3900 duur
1145 3830 1264 3908 sacen,

200 3909 338 3996 lector,
361 3906 437 3978 faie
457 3926 552 3982 etiarn
568 3908 717 3982 nobisne
737 3906 824 3980 Vale.
1112 3913 1206 4002 με
1218 3915 1264 3982 0.
