2766 4554
230 273 305 372 676
355 267 412 343 18.
442 257 638 342 vossll
670 255 1159 340 observatiorem

241 429 361 502 nullum
369 419 437 492 esse
448 421 481 488 in
498 415 631 488 Graecia
646 415 784 488 m'ontem
793 466 805 501 ,
826 421 880 508 qui
891 441 955 492 non
971 441 1036 490 uno
1048 422 1101 490 die
1112 421 1213 507 possit
1225 433 1299 494 oon:

239 511 353 582 scendi.
400 505 577 572 ditissimos
596 503 676 570 verb
696 503 850 599 Graeciae
867 525 991 574 montes
1010 509 1151 574 nominat
1171 505 1300 595 Taygr.

241 585 1299 762 ‘ll‘allsaellr..libilar.{5¹lzlr.⁰l.slllb⁰llltllz

244 763 372 840 culum,
393 758 466 824 cbm
489 757 647 844 Olympus
667 753 705 819 ad
719 755 795 822 orto
812 757 932 822 tantbm
947 757 1089 844 adsurgat
1104 755 1209 827 stadia.
1235 762 1298 828 llll.

241 863 311 916 rum
330 859 433 910 tamen
450 839 503 908 hic
518 839 624 904 omitti
639 835 816 925 Cyllenen,
837 858 931 923 quem
942 837 1096 908 Geminus
1115 842 1235 910 triente
1252 843 1298 910 sa-

244 928 290 996 cit
307 927 462 994 altiorem.
508 921 558 990 lld
582 923 690 988 decem
708 924 815 1007 itaque
830 923 923 992 lladia
939 925 1157 1010 perpendiculi
1177 926 1292 999 sursum

242 1010 446 1080 tendentibus
461 1007 520 1073 iter
534 1007 625 1072 unius
645 1005 706 1072 diei
725 1005 852 1076 videtur
865 1005 1042 1074 extendisse
1059 1009 1223 1094 Polybius.
1243 1013 1295 1081 Li·

244 1097 321 1163 bens
336 1089 544 1160 concesserim
568 1107 631 1156 tam
648 1087 767 1156 vallum
786 1087 941 1176 spatium,
963 1107 1027 1160 tarn
1046 1093 1137 1159 brevi
1155 1111 1296 1182 tempore

245 1177 363 1246 confici
383 1177 475 1264 posse
490 1173 508 1241 l
524 1173 731 1256 monticolis,
750 1172 879 1241 assuetis
899 1192 1079 1262 perreptare
1094 1175 1166 1243 loca
1185 1181 1299 1264 ardua,

247 1279 384 1348 quorum
402 1277 492 1326 crura
511 1255 628 1324 sursum
649 1270 768 1325 tantum
788 1277 826 1325 ac
842 1255 984 1325 deorsum
1001 1275 1192 1346 moventur,
1215 1265 1299 1332 iden·

249 1365 313 1434 que
336 1345 368 1412 in
387 1345 480 1432 plano
500 1339 590 1408 salire
610 1341 715 1424 potibs
739 1339 833 1426 quim
853 1359 978 1408 currere
994 1341 1163 1426 videntur3
1188 1353 1298 1416 verbm

247 1431 302 1518 qui
318 1429 350 1496 in
365 1425 546 1509 aequalibus
559 1425 622 1492 nati
641 1421 710 1490 sunt
724 1424 822 1506 locis,
834 1425 909 1491 licet
928 1425 1043 1508 optimi
1059 1425 1117 1494 smt
1131 1427 1297 1515 cursores,

247 1515 304 1584 vis
321 1529 422 1580 tamen
436 1509 501 1577 alte
518 1509 597 1574 adeo
619 1507 695 1594 eniti
721 1509 850 1591 possint.
894 1509 1076 1596 Pyramides
1099 1510 1297 1600 Aegyptias,

270 1617 329 1665 uae
351 1615 415 1663 non
443 1611 513 1658 roto
533 1587 701 1672 adsurgunt
723 1589 838 1669 stadio,
858 1592 914 1657 vix
933 1592 1047 1678 aliquis
1069 1591 1191 1662 duabus
1213 1599 1299 1666 boris

244 1617 367 1766 {absque
380 1676 492 1744 sudore
548 1671 599 1738 slit
618 1671 833 1742 conscendere.
862 1676 928 1770 Qui
948 1673 1047 1744 sexies
1063 1679 1216 1762 majorem
1234 1683 1301 1750 alti.

246 1766 386 1834 tudinem
408 1779 470 1824 uno
509 1757 685 1836 uperaverit
707 1757 779 1836 die,
802 1777 864 1826 non
888 1779 995 1844 parurn
1019 1760 1221 1847 praestiterit.
1263 1766 1297 1834 Si

243 1851 327 1923 enim
342 1843 392 1910 sex
412 1841 503 1909 stadia
517 1839 584 1907 srve
596 1841 691 1924 pedes
702 1861 798 1928 3750.
817 1843 846 1908 in
858 1843 971 1928 gradus
983 1842 1050 1911 live
1068 1841 1164 1912 scalas
1176 1849 1300 1935 rediga·

243 1951 331 2086 ale
355 1923 1213 2096 l.Palbrillllltllllllltnalltallbla
1236 1937 1298 2084 ll
1375 1953 1376 1992 .

243 2099 313 2164 rbm
333 2029 386 2178 gul
402 2075 463 2158 loc
483 2087 612 2187 spatium
634 2091 778 2159 emensos
798 2093 855 2170 lit,
874 2113 936 2160 non
958 2095 1110 2177 libenter,
1135 2113 1172 2163 ut
1194 2061 1298 2184 piro,

244 2177 364 2270 postera
383 2176 413 2242 dt
432 2191 523 2240 terrra
536 2174 642 2240 denuo
662 2175 733 2241 luce
751 2176 883 2244 similem
903 2174 1048 2266 suscipiet
1065 2179 1215 2250 laborem.
1260 2183 1296 2254 In

244 2259 406 2334 montibus
429 2257 529 2334 verb,
550 2257 625 2326 licet
638 2259 727 2325 clivo
745 2260 898 2344 aequabili
913 2260 1003 2328 adsur
1044 2278 1099 2344 nt,
1123 2281 1230 2334 tamen
1244 2267 1298 2334 ad·

241 2339 368 2416 scensus
382 2339 426 2408 est
437 2341 594 2409 difficilior
612 2343 835 2412 &laboriosior
848 2362 943 2430 arque
956 2347 986 2412 in
1020 2347 1116 2430 calis,
1138 2349 1297 2418 defluente

241 2429 334 2515 saepe
355 2425 430 2491 velli
457 2427 506 2492 io:
527 2424 608 2492 adeb
631 2443 665 2492 ut
691 2429 881 2514 quandoque
909 2431 964 2496 viv
984 2449 1078 2498 unum
1102 2434 1242 2518 palmum
1263 2437 1295 2504 in

242 2511 368 2599 fingulis
380 2444 515 2594 passibus
535 2517 676 2608 uiatores
696 2511 874 2608 conficiant.
915 2512 1000 2612 Quia
1018 2531 1122 2612 tamen
1139 2517 1299 2599 diximus,

241 2589 1064 2748 “stillabis,llilbblllaszlllll
1077 2599 1299 2754 “asiniis'

266 2702 308 2747 uo
1168 2707 1205 2752 us
1274 2707 1297 2754 o

239 2703 332 2834 Hadia
356 2764 467 2830 diurno
491 2759 664 2828 adscensui.
705 2761 787 2828 Cum
813 2761 892 2828 verb
915 2730 1135 2835 altissimo’rum
1157 2769 1189 2835 in
1214 2775 1295 2838 orbe
1374 2811 1375 2816 =

238 2849 394 2918 montium
417 2845 552 2912 culmina
579 2847 685 2911 triduo
706 2843 776 2911 ferie
798 2849 968 2930 adeantur,
990 2849 1142 2920 celsitudo
1160 2853 1294 2938 lorum,

239 2936 329 3012 iuxta
350 2931 431 2996 bunc
451 2929 623 3008 calculum,
646 2947 710 2994 non
731 2926 886 3012 superabit
902 2931 996 3000 stadia
1014 2934 1128 3020 viginti
1145 2955 1295 3020 quatuor.

242 3014 342 3112 Quod
355 3029 459 3080 autem
482 3013 630 3099 Polybius
644 3012 745 3108 inquit
760 3013 842 3110 apud
856 3015 1063 3100 Strabonem,
1078 3019 1205 3106 Alpium
1220 3043 1298 3106 qoa-

238 3099 380 3166 rumdam
393 3097 465 3180 juga
483 3099 535 3162 vix
550 3098 663 3178 quinto
680 3095 731 3159 dre
751 3098 846 3175 adara,
867 3098 955 3166 ineo
971 3102 1217 3184 nimiumdixit,
1240 3105 1297 3176 nili

239 3179 344 3250 sorsan
360 3181 648 3259 intellexerit,non
663 3179 792 3262 alicujus
808 3181 872 3265 iugi
887 3181 1143 3265 adscensum,sed
1160 3185 1297 3273 spatium

238 3267 326 3352 quoi
342 3263 383 3332 ab
402 3267 535 3331 exordio
553 3263 677 3348 Alpium
696 3267 849 3344 usquead
866 3263 1009 3350 suprema
1024 3287 1129 3336 earum
1146 3271 1223 3358 juga
1237 3293 1294 3341 ex·

239 3349 390 3418 tenditur.
423 3348 540 3415 Plinius
556 3345 595 3410 ad
608 3365 704 3413 xxxi
717 3363 738 3410 r.
759 3347 793 3413 P.
812 3345 870 3413 bl:
882 3347 1007 3435 Alpium
1024 3356 1228 3435 quarumdam
1240 3358 1296 3424 ad·

235 3430 378 3501 scensum
394 3429 461 3498 esse
477 3429 583 3497 tradit.
627 3429 687 3496 Sed
701 3427 781 3496 verb
823 3429 944 3500 assuum
965 3437 997 3504 in
1012 3439 1171 3504 montibus
1193 3439 1295 3527 longb

236 3515 355 3586 aliaest
374 3517 475 3595 ratio,
490 3531 586 3608 atque
606 3513 638 3580 in
655 3515 759 3598 plano.
815 3517 844 3580 bl
858 3517 934 3582 clivi
951 3515 1021 3585 sunt
1041 3521 1180 3588 molliter
1191 3523 1294 3603 editi,

236 3603 282 3670 ibi
307 3603 337 3666 in
358 3599 501 3684 pluribus
527 3599 619 3678 saepe
639 3597 774 3680 pasfibus
799 3601 852 3664 vix
868 3619 965 3669 unum
980 3603 1155 3671 altitudinis
1174 3606 1291 3690 pedem

236 3685 435 3753 emetiamur.
462 3679 571 3747 Passus
586 3679 665 3745 verb
681 3677 863 3760 cursorum,
882 3683 947 3750 live
961 3692 1293 3775 geometricus,quin·
1373 3733 1374 3742 .

232 3790 299 3916 yde
313 3765 358 3834 cst
372 3764 508 3864 pedum,
528 3781 559 3829 at
575 3762 654 3861 verb
674 3764 822 3864 illorum,
844 3767 898 3852 qui
914 3759 1030 3836 sursum
1047 3771 1199 3872 tendunt,
1224 3793 1294 3856 pas·

230 3847 1295 4026 simil&dissidiisniisiiniiiisailindiliasss

231 3949 360 4075 aiteram
369 4014 671 4094 perpendiculariter
689 4013 794 4098 potest
807 4019 967 4087 attollere·
1001 4018 1177 4120 Quisverb
1192 4023 1299 4091 incer·

1242 4105 1295 4179 sus
