2716 4552
197 231 975 327 PRAEFATIO.

76 427 224 502 cinoata
264 418 314 496 ab
352 415 404 494 A.
438 411 644 506 schotto,
682 402 725 488 dr
766 407 875 488 Petri
919 405 1122 500 Ciacconii

77 549 188 613 notae
207 529 467 630 integriores,
499 519 538 600 δε
566 545 613 600 ex
640 518 722 626 ipso
749 519 984 624 exemplari,
1014 521 1124 628 quod

79 649 117 723 in
138 638 379 720 Bibliotheca
401 633 560 738 publica
587 630 839 724 adservatur,
876 653 898 706 a
922 653 985 710 me
1001 647 1127 716 trans-

83 754 237 856 scriptae
259 772 282 826 a
301 747 442 849 Capite
464 765 567 822 xvu.
588 741 700 822 Libri
728 763 762 820 1.
786 737 979 846 usquead
1006 739 1127 827 finem

85 863 196 944 Libri
215 883 292 937 111.
321 858 404 936 iilas
429 856 557 946 enim,
588 875 687 957 quae
709 851 839 956 Caput
866 875 992 932 xvtt.
1015 877 1128 962 prae.

87 973 250 1062 cedunt,
278 971 313 1046 in
333 965 448 1046 usum
472 961 584 1046 suum
614 960 774 1042 describi
791 961 980 1068 jusserat,
1010 965 1054 1046 ἃ
1079 965 1130 1048 ad

92 1081 208 1190 ipsum
225 1077 495 1185 apographum
521 1073 705 1154 adnotata
733 1071 926 1180 adjecerat
940 1073 1001 1156 cl.
1022 1075 1133 1158 Peri·

94 1196 251 1280 zonius,
280 1211 373 1292 quae
393 1210 476 1266 una
502 1210 591 1266 cum
610 1182 688 1266 suis
713 1185 753 1264 in
778 1183 933 1267 easdem
960 1183 1131 1268 animad-

93 1300 325 1384 versionibus
348 1297 527 1402 benigne
552 1317 702 1376 mecum
726 1297 1033 1380 communicavit
1052 1311 1131 1380 tam

89 1413 298 1494 eruditione
325 1405 452 1514 quarn
486 1407 722 1487 humanitate
761 1405 991 1510 conspicuus
1022 1407 1130 1510 Vir,

93 1522 203 1606 modb
248 1521 464 1610 laudatus,
513 1517 673 1600 Carolus
703 1513 884 1598 Andreas
907 1514 1129 1616 Dukerus,

95 1639 199 1741 cujus
216 1630 518 1714 benevolentiae
533 1631 645 1709 etiam
662 1643 839 1732 acceptas
859 1623 990 1708 resero
1010 1625 1135 1710 adno-

96 1751 277 1836 tationes,
303 1764 404 1847 quas
425 1739 487 1820 ct.
514 1739 745 1820 Perizonius
769 1735 818 1816 ad
841 1741 1033 1844 margines
1055 1738 1140 1820 edi-‘

97 1859 206 1939 tionis
232 1853 451 1934 Vossianae
469 1848 508 1930 a
529 1850 734 1952 utriusque
752 1845 942 1932 Patemae
966 1847 1135 1958 adscrip-

95 1967 196 2046 serat.
252 1961 465 2068 Exemplar
490 1977 653 2054 autem,
688 1983 769 2062 qtro
792 1975 910 2040 notae
939 1957 1139 2044 Ciacconii

102 2073 513 2182 comprehenduntur,
551 2069 644 2156 duas
674 2091 817 2174 easque
841 2093 862 2150 a
891 2067 930 2152 se
964 2071 1139 2152 invicem

97 2186 260 2271 diversas
288 2209 422 2266 manus
447 2181 720 2287 praeferebat,
750 2203 912 2283 quarum
935 2185 1060 2292 prima
1086 2181 1141 2262 sa-

99 2305 141 2378 tis
170 2296 327 2378 venusta
359 2296 399 2375 dt
420 2289 527 2374 letto
552 2290 676 2376 sociiis
707 2293 747 2371 in
774 2289 909 2371 iisdem
938 2292 1140 2375 exarandis

96 2409 143 2488 ad
162 2410 284 2516 Caput
310 2429 440 2489 xstr.
477 2404 590 2486 Libri
620 2419 655 2486 1.
685 2397 948 2507 processeram
978 2400 1143 2486 secunda

99 2515 189 2602 tero
219 2517 375 2604 Graec'e
413 2513 607 2598 scribendi
642 2507 799 2619 prorsus
837 2515 990 2620 ignara,
1027 2513 1066 2596 &
1102 2515 1145 2600 in

100 2635 235 2714 Latinis
275 2626 483 2712 exarandis
529 2623 737 2706 admodum
781 2619 967 2720 sordida,
1005 2620 1143 2710 anfio-

101 2769 180 2825 rurn
206 2747 455 2826 Graecorum
483 2737 792 2839 Latinorumque
821 2735 951 2816 socna
978 2731 1171 2819 cacco?

100 2858 160 2936 nio
206 2855 363 2935 laudata
411 2851 535 2931 tribus
580 2865 799 2952 quatuorve
838 2845 952 2954 saepe
990 2847 1142 2932 tantbm

101 2968 223 3046 verbis
252 2962 491 3056 exhibebat,
523 2982 684 3064 eaquae
706 2956 904 3064 jungenda
929 2975 1057 3056 erant,
1086 2960 1145 3042 sc.

104 3101 255 3184 paeane,
282 3075 322 3155 dc
350 3093 450 3176 quae
477 3067 685 3178 separanda
711 3085 848 3164 etant,
877 3071 1144 3178 conjungens,

102 3187 312 3292 eademque
340 3182 453 3290 saepe
483 3199 686 3290 repetens,
714 3177 812 3260 adeb
837 3197 883 3262 ut
910 3179 1144 3266 crediderim

103 3298 256 3394 cancta,
287 3319 393 3400 quae
418 3291 583 3378 secunda
605 3315 743 3374 manus
767 3293 970 3384 exaravit,
1001 3311 1049 3372 ex
1068 3293 1145 3376 edi-

107 3414 231 3504 tione,
259 3409 308 3490 ad
326 3407 444 3512 cujus
469 3405 660 3509 margines
685 3397 1032 3486 animaduersiones
1064 3404 1146 3490 suas

106 3521 359 3602 adnotaverat
400 3516 665 3610 ciacconius,
706 3509 826 3616 ‚istan
856 3505 1029 3616 πόνηροι
1070 3517 1150 3602 esso

110 3629 373 3737 transscripta:
403 3627 583 3734 idemque
595 3629 722 3726 etiarn,
740 3621 864 3706 visum
893 3621 971 3706 i'uit
991 3625 1052 3706 Ci.
1081 3629 1153 3710 Pe-

112 3745 280 3836 rizonio,
319 3740 391 3844 qui
420 3741 468 3822 ad
497 3737 643 3821 calcem
672 3736 856 3818 editionis
885 3737 1157 3845 Antverpien·

111 3853 150 3936 srs
184 3851 386 3957 sequentia
425 3852 547 3936 verba
581 3845 863 3954 adscripscrat:
904 3845 1158 3942 „ciacconii

113 4019 137 4062 „
160 3967 327 4052 notulae
354 3963 560 4048 incondite
589 3981 639 4044 ex
670 3961 847 4114 rpargine
878 3958 973 4068 ‚strat
1001 3969 1165 4070 excerpi

672 4163 681 4173 .
726 4091 749 4174 5
1019 4077 1166 4178 ,‚·tae,
