2728 4572
235 245 331 358 ero
378 241 439 338 aa.
473 235 672 334 vossn
706 231 1201 334 onaanvaorouaa

256 401 491 476 ,commaticus
515 401 700 470 deturbatus
722 398 798 468 fuit.
840 399 955 470 Strabo
985 421 1152 485 montem,
1170 406 1223 472 ubi
1254 407 1313 474 hoc

256 485 412 571 contigit,
437 481 595 549 lhoracem
611 502 715 550 vocat.
737 485 800 551 Sed
820 503 896 553 com
916 485 1054 553 Valerio
1077 485 1195 554 faciunt
1212 489 1309 556 Suidar

259 569 292 636 dt
308 563 485 655 Hesychius
501 561 664 639 Illustrius.
700 567 741 634 Et
753 567 839 636 forte
856 589 924 652 pars
939 569 1054 655 aliqua
1077 563 1215 636 Thoracis
1231 593 1307 638 mon·

258 651 302 718 tia
321 649 385 718 suit
406 650 486 724 istud
505 644 729 738 &parisiacum
749 653 800 738 cui
826 653 854 718 dt
883 653 1044 737 oppidum
1065 651 1178 722 ‘'Irroc
1192 655 1305 722 adfitum

253 732 331 804 fuit.
374 735 436 803 Sed
454 753 554 800 tamen
580 731 737 799 Tiroracem
756 732 883 819 Epheso
907 737 1054 802 vicinum
1077 735 1176 804 fuisse
1195 735 1306 804 testatur

255 817 392 899 Strab03
405 819 479 884 haec
494 817 571 886 veria
585 822 669 885 inter
687 811 878 884 Miletum&
894 813 1072 886 Maeandri
1088 815 1167 888 ostia
1180 837 1240 886 erat
1252 820 1303 886 lita

258 900 399 970 Omnino
420 919 529 968 verum
546 901 590 969 est
610 901 743 986 Hippon
760 895 924 984 Pomponii
948 899 1022 968 esse
1044 905 1202 987 oppidum
1220 901 1302 980 illud,

258 987 347 1070 quod
372 984 426 1050 vul
449 981 511 1051 da
560 981 671 1052 ellatur
695 979 810 1066 cappo,
835 985 1007 1054 imminens
1034 987 1202 1054 Maeandri
1221 985 1303 1063 ostio,

259 1087 353 1157 quem
382 1071 401 1134 h
447 1069 477 1134 ie
539 1071 643 1132 aarum
667 1070 838 1152 appellant.
879 1067 965 1135 Situs
995 1071 1092 1137 certe
1112 1071 1156 1135 ita
1177 1069 1300 1135 accurati

257 1155 429 1232 convenit,
451 1167 486 1216 ut
503 1152 614 1219 melilas
631 1167 697 1218 non
711 1151 816 1235 possit.
840 1148 1029 1236 Hipponesus
1046 1151 1200 1237 Stephani
1216 1152 1300 1217 locun

258 1236 315 1306 hic
329 1235 443 1302 habere
456 1234 579 1320 posset,
602 1254 674 1304 nam
700 1255 740 1302 ue
759 1237 833 1302 haec
849 1233 954 1302 Ioniae
964 1253 1043 1322 pars
1064 1235 1182 1304 Cariae
1194 1251 1300 1320 quoque

256 1319 461 1394 attribuitur,
481 1315 535 1385 sed
550 1317 602 1387 nisi
618 1254 701 1384 mei
1269 1317 1274 1328 '
1293 1397 1299 1410 ·

258 1403 292 1472 se
310 1401 439 1469 insulam
457 1401 486 1470 in
501 1403 562 1471 finu
579 1401 745 1468 Ceramico
764 1401 873 1470 stram:
893 1403 932 1468 de
949 1402 1014 1468 hoc
1034 1401 1109 1506 ipso
1125 1401 1198 1468 saxo
1216 1401 1298 1482 accipi

258 1487 376 1566 debent
397 1487 493 1554 verba
510 1483 586 1567 ista,
608 1481 731 1547 Λευκοὶν
754 1483 814 1562 ἀφ’
831 1482 940 1546 Ἵππον
957 1485 998 1554 εἰς
1015 1480 1176 1548 damam
1199 1482 1298 1549 dhare,

259 1569 413 1660 quaesibi
435 1567 571 1637 invicem
589 1571 773 1636 accinebant
789 1569 913 1654 puellae
934 1570 967 1636 in
989 1569 1074 1638 ludo
1102 1567 1299 1648 xelaxtltilld

257 1651 457 1722 Milesiorum
476 1656 558 1719 enim
574 1669 643 1716 erat
665 1653 765 1716 ludus.
981 1685 985 1690 -

299 1739 322 1804 l.
348 1757 397 1822 13.
423 1733 462 1800 El
481 1731 566 1832 Celsi
577 1731 719 1830 fluminis
734 1729 860 1816 ossium]
890 1733 1106 1831 heposuimus
1127 1731 1218 1815 Gens.
1255 1731 1296 1798 Sic

256 1836 386 1973 llll?
397 1819 641 1998 alleilllll
655 1815 840 1969 hallia:
855 1813 1292 1980 l⁰llllill⁰loalll

252 1989 387 2082 pellant.
433 1981 518 2052 Hinc
541 1980 680 2082 quoale
706 1987 790 2092 laeua
808 2001 960 2080 vocatur,
981 2005 1085 2072 quem
1110 1983 1204 2056 efficit
1224 1995 1292 2046 aare·

252 2067 639 2250 hshhemdihiflisslh
654 2067 1291 2248 ,lellusflll'lllllilllhll

257 2235 327 2306 fera
342 2233 405 2302 sem
428 2255 481 2311 er,
503 2251 548 2303 ata
563 2253 691 2318 quoque
705 2233 758 2302 hic
773 2235 914 2302 ordinem
924 2232 1017 2304 litum
1046 2250 1087 2304 ue
1104 2237 1235 2302 locorum
1246 2227 1290 2294 oh·

253 2319 392 2416 serravit
406 2255 502 2384 Klela.
546 2317 645 2414 Quod
658 2337 698 2384 co
709 2319 804 2404 magis
820 2319 912 2416 dico,
960 2253 1047 2390 uiasr
1064 2321 1137 2418 quis
1151 2321 1219 2384 haec
1231 2325 1287 2376 cum

255 2405 366 2473 ordme
386 2401 556 2468 Ptolemaei
572 2419 765 2487 componere
782 2402 880 2480 velat,
897 2423 922 2468 ts
936 2337 1055 2472 stuata
1066 2420 1146 2472 ent:
1164 2420 1193 2468 m
1245 2409 1284 2456 llffl

251 2485 339 2553 enim
359 2485 421 2552 hoc
438 2485 511 2550 loco
527 2503 663 2550 errorem
684 2483 838 2552 commisit
863 2483 1084 2570 Ptolemaeus,
1108 2502 1200 2570 quum
1247 2491 1284 2542 le·

251 2569 344 2638 andri
357 2567 470 2643 ollium
485 2567 656 2633 collocavit
670 2584 734 2634 non
745 2569 826 2634 inter
839 2565 1028 2640 Heracleam
1043 2553 1284 2641 &Prienenses

255 2653 337 2723 veria
359 2653 441 2742 inter
472 2647 679 2736 Ephesum&
704 2650 875 2738 Pyrrham,
904 2655 985 2720 unde
1007 2651 1104 2742 quam
1133 2638 1281 2743 longissimi

255 2737 350 2816 abeli.
379 2735 527 2820 ‘Aliquot
544 2751 672 2820 quoque
686 2735 781 2802 urbes
798 2736 871 2802 loco
890 2732 947 2802 suo
969 2741 1086 2805 movit.
1116 2733 1212 2800 Multa
1229 2724 1283 2824 sul

254 2821 364 2908 dodi,
392 2818 604 2906 imprudenter
625 2819 842 2888 Ptolemaeum
864 2815 984 2905 secuti,
1015 2823 1048 2890 dc
1073 2817 1128 2908 ipfi
1146 2813 1281 2900 ioligllltel

251 2917 416 2993 errarunt,
436 2918 471 2968 ut
493 2899 555 2967 alio
571 2899 713 2969 dicemus
734 2903 817 2972 loco.
1324 2937 1325 2983 ι

251 2983 257 2997 ’
295 2987 326 3055 l.·
344 3007 391 3068 ις).
409 2987 411 2994 ’
434 2983 521 3084 Quod
535 2981 700 3049 Atintanes
714 2983 788 3066 Asea
821 2987 909 3050 atilae
926 2989 1104 3075 consecrasse
1118 2961 1281 3078 traduntur]

252 3067 303 3142 lta
319 3071 466 3158 pleraque
480 3069 538 3135 alia
559 3068 757 3153 exemplaria.
842 3089 897 3136 eus
921 3089 1022 3140 tamen
1047 3095 1069 3142 o
1094 3073 1182 3139 timae
1202 3065 1280 3148 notae

250 3155 359 3222 codcx'
372 3155 470 3240 legit,
489 3147 686 3236 Astapotense
700 3150 795 3238 orasse
808 3155 979 3224 tradantur.
1002 3095 1156 3226 Exifiimo
1173 3149 1213 3214 ira
1229 3151 1279 3224 pn·

249 3237 288 3308 ln
314 3233 431 3314 fuisse,
453 3231 541 3328 ond
554 3237 719 3300 Amazones
736 3233 810 3315 Afro
833 3249 964 3320 potenter
974 3239 1109 3327 sacrasse
1125 3233 1276 3301 traduntur·

251 3322 350 3471 quod
368 3339 474 3406 autem
498 3319 577 3385 dicit
597 3339 658 3386 non
682 3317 778 3404 ipsam
799 3319 977 3408 Ephesum,
1010 3321 1063 3391 sed
1092 3321 1194 3390 saltem
1214 3319 1278 3372 tem·

248 3423 335 3493 pum
357 3395 543 3470 exstrtixisse
565 3400 742 3471 Amazones
752 3445 767 3486 ,
786 3403 820 3473 in
840 3423 880 3472 eo
900 3425 964 3474 noa
988 3407 1054 3475 abit
1076 3409 1114 3474 ab
1131 3399 1201 3470 alls.
1238 3385 1277 3454 1¹⁸

200 3513 205 3584 ᾗ
247 3505 377 3576 quoque
398 3483 587 3570 Dionysus:

698 1319 766 1386 allit
784 1321 947 1398 memoria,
970 1321 1053 1386 alibi
1070 1321 1135 1405 legi
1154 1337 1217 1384 eam
1237 1317 1299 1382 suu·

297 3709 298 3714 ,
368 3651 544 3740 Παρῤαλίνν
561 3617 713 3737 Ἔφεσον,
728 3657 869 3740 μεγάλην
884 3661 966 3725 πόλιν
982 3659 1157 3744 ’Ῐοχειιίριιιι

290 3743 299 3784 ’-
365 3733 464 3801 Ἔνθα
483 3736 531 3818 sesa
548 3739 619 3803 rard
640 3741 741 3826 βωμὸν
758 3741 955 3828 Ἀμαζονίδες
988 3747 1139 3809 τετύκοντο

366 3819 495 3908 Epium
516 3821 556 3887 su
572 3829 713 3916 πςλέης,
735 3829 882 3915 περιώσιον
898 3827 1020 3917 ἀνδράσι
1037 3827 1141 3909 laeua

1190 3966 1273 4050 call
