2760 4542
238 200 310 290 AD
326 213 472 296 POMP.
497 213 697 290 MELAM.
716 215 799 296 Lrn.
820 215 886 294 ur.
913 211 994 297 Can.
1022 217 1052 294 1.
1102 225 1174 314 789'

153 375 326 442 omuntotii
343 371 425 441 insti
446 391 574 460 quoque
598 375 761 454 meminit,
783 371 871 440 ubis
905 373 1171 443 tentrionisinsu.

125 479 157 522 ns
173 455 332 524 describit.
376 457 509 524 Putabat
529 475 633 524 aurern
651 457 739 524 Mela
757 475 861 525 toturn
903 459 1058 541 oclitus,
1081 459 1167 544 quod

110 543 153 608 ab
177 541 317 608 Artabris
341 541 379 606 ad
394 557 568 608 extremum
585 560 685 626 usque
700 541 945 626 septentrionem
961 543 1164 624 extenditur,

109 625 188 710 pene
210 623 277 689 esse
295 625 427 690 redum.
477 623 549 692 Hoc
563 621 661 708 ipsum
680 644 808 712 quoque
824 625 875 689 alii
891 625 909 690 ὲ
926 625 1165 694 Veteribuserti·

18 785 19 788 Ἴ
108 707 281 776 stimatunt.
330 709 423 773 Errat
439 706 545 790 itaque
566 707 694 794 inignis
718 711 773 776 ille
789 704 1016 792 Geograpbus,
1039 709 1092 792 qui
1107 707 1161 776 bic

109 788 280 854 Tribunum
297 810 356 875 pro
380 787 517 873 Scythico
538 793 719 876 reponebat.
764 790 855 858 Ordo
873 809 992 876 geogra
1017 795 1105 860 bicus
1129 791 1162 858 ἀ

107 871 211 938 sensus
229 873 335 938 Melae
359 893 421 940 non
448 873 585 940 admittit
612 874 697 940 istam
718 875 954 942 comestionem.
995 813 1162 942 Praeterea

109 955 290 1020 Trileociurn
309 975 372 1022 non
387 955 554 1020 Trileucurn
565 959 815 1042 promuntorium
831 959 890 1022 boc
906 957 1098 1038 vocabatur,
1120 959 1160 1022 ab

107 1040 210 1106 adsitis
230 1037 341 1109 insulis
372 1038 528 1105 s'rilcucir.
571 1041 624 1106 Sic
651 1043 758 1124 itaque
787 1038 922 1106 rescribe
946 1059 962 1106 a
987 1041 1029 1106 ud
1052 1041 1158 1108 Ptole·

109 1141 233 1189 maeum
247 1121 423 1206 'l'pnsnnun
466 1123 526 1188 Sed
548 1120 693 1207 profecto
718 1123 806 1190 locus
829 1121 885 1188 iste
900 1059 1070 1190 Ptolemaei
1092 1143 1159 1194 non

109 1223 173 1271 uno
190 1207 313 1272 laborat
328 1225 449 1280 naevo,
471 1207 531 1273 tria
547 1223 681 1291 namque
702 1207 754 1272 illa
775 1203 1034 1286 confundemur,
1058 1206 1157 1290 Lapa·

108 1291 172 1370 tia,
194 1289 326 1355 Corium
349 1288 603 1356 &Trileucum
647 1291 699 1356 Sic
722 1306 858 1374 namque
892 1290 946 1354 vul
971 1285 993 1354 ὸ
1018 1291 1156 1372 coneipi-

109 1389 186 1452 tur,
206 1363 357 1434 Α’κπσιτία
375 1369 480 1454 Ktbpou
496 1371 585 1450 dapar
604 1369 637 1432 τὸ
652 1369 879 1454 xanpr‘Arunon.
903 1309 969 1438 8εὲ
985 1371 1158 1452 Annaeo,

107 1471 143 1519 ut
159 1457 297 1540 opinior,
312 1457 389 1524 nibil
400 1473 568 1522 commune
581 1453 676 1520 babet
688 1473 760 1520 cum
772 1453 913 1540 sequenti
923 1457 1160 1538 promuntorio,

104 1535 160 1604 scd
178 1537 223 1606 est
241 1539 329 1606 locus
348 1541 427 1606 inter
444 1539 594 1624 oppidum
616 1539 807 1624 Brigantium
827 1539 858 1604 dc
877 1535 1158 1623 Trileuciumpro·

106 1623 309 1688 montorium.
364 1623 520 1690 Excidcre
541 1639 644 1692 autem
676 1621 887 1708 proculdubio
910 1623 1061 1708 numeri,
1097 1623 1158 1690 boc

106 1723 223 1796 nempe
244 1705 355 1780 nodo:

232 1871 384 1935 Axnxrt'aa
795 1874 814 1916 *
859 1873 876 1910 *
916 1873 936 1920 *
978 1875 998 1920 *¹

232 1954 348 2042 Κῶμον
363 1957 452 2042 ilnpaa
467 1955 500 2020 rl
517 1961 568 2020 cxl
584 1955 771 2044 Τριλεύιιω,
794 1953 836 2020 11‘
851 1954 887 2022 δ’.
903 1957 950 2034 μέ
968 1957 998 2024 S'
1011 1957 1056 2036 γ’.

104 2119 215 2204 Ksrnr
238 2123 300 2190 hoc
314 2123 568 2208 promuntorium
590 2139 726 2187 vocatur
745 2119 912 2190 Marciano
933 2123 1161 2206 Heracleotae,

106 2209 160 2292 qui
176 2209 226 2274 lon
251 2208 404 2272 itudinem
417 2207 581 2272 maximam
597 2205 842 2274 Tarraconensis
860 2209 1043 2292 provinciae
1053 2227 1161 2274 exten·

105 2293 155 2358 dit
176 2291 215 2356 ab
229 2227 294 2356 loc
315 2291 536 2372 promuntorio
548 2289 586 2354 ad
601 2290 757 2366 alterum,
778 2289 807 2354 in
822 2309 887 2375 quo
907 2289 1081 2376 Templum
1097 2289 1162 2356 Ve·

103 2376 199 2440 netis.
241 2375 340 2462 Atqui
365 2371 532 2440 secundum
551 2373 767 2440 Ptolemaeum
784 2389 818 2436 ea
837 2393 899 2440 non
915 2373 1011 2440 fuerit
1027 2376 1161 2442 maxima

103 2460 171 2540 ejus
190 2459 376 2538 provinciae
396 2457 578 2538 longitudo,
590 2457 660 2522 clun
680 2453 782 2522 multo
799 2455 924 2540 longius
944 2457 1019 2524 absst
1034 2461 1051 2523 a
1064 2457 1161 2529 Tem,-

104 2544 160 2626 plo
178 2540 309 2606 Veneris
336 2543 589 2624 promuntorium
613 2539 771 2616 Nerium,
793 2539 888 2621 quam
918 2539 998 2606 istud
1030 2540 1163 2606 Trileu-

102 2627 205 2702 eium‚
227 2626 313 2707 quod
333 2625 364 2688 dc
381 2621 512 2712 Corium
528 2641 635 2690 vocat.
659 2623 707 2688 Ac
720 2625 854 2705 proinde
871 2623 1036 2706 malitquis
1052 2622 1162 2690 forsan

102 2709 209 2790 legere
224 2709 306 2788 apud
324 2705 522 2771 Marcianum
541 2705 598 2766 sind
617 2706 670 2764 τοῦ
684 2701 813 2786 Neptno,
833 2723 893 2786 pro
910 2723 950 2771 eo
966 2706 1051 2790 quod
1062 2703 1162 2790 vulgo

105 2795 151 2856 est
173 2785 290 2870 Kapan.
314 2791 375 2855 Sed
396 2793 514 2854 crratit
536 2789 757 2867 Ptolemaeus,
781 2786 812 2852 dc
834 2787 967 2854 Corium
993 2807 1066 2854 cum
1087 2789 1164 2856 Tri·

105 2873 210 2940 leucio
223 2869 389 2952 confudit,
412 2873 483 2938 cbnr
497 2869 618 2937 diversa
633 2870 692 2937 srnt
715 2873 939 2954 promontoria.
963 2871 1164 2937 Verissrmum

107 2955 153 3022 est
171 2955 301 3021 Corium
321 2956 572 3039 promuntorium
589 2953 657 3020 esse
678 2954 776 3024 illud,
800 2957 885 3038 quod
903 2953 1001 3039 vulgo
1019 2957 1092 3020 Cnbo
1112 2957 1166 3020 Cu·

106 3041 193 3104 rione
217 3039 413 3117 nominatur,
434 3057 495 3104 non
514 3039 614 3105 minlrs
636 3057 823 3122 procurrens
844 3039 875 3103 in
895 3041 1096 3104 occidentem
1117 3055 1162 3104 at·

106 3141 170 3209 que
184 3119 337 3197 Nerium,
360 3121 377 3186 A
394 3139 460 3205 quo
475 3121 529 3186 virt
543 3124 653 3188 decem
669 3119 812 3202 passuum
831 3119 971 3187 millibus
988 3121 1071 3189 abest
1093 3119 1162 3204 sep-

103 3207 294 3274 tentrionem
319 3203 445 3284 versus;
468 3203 649 3268 Trileuer'um
669 3201 750 3268 verb
772 3203 817 3270 est
837 3203 911 3267 Calo
929 3203 1088 3294 cl'Ortegol
1106 3207 1161 3272 bo·

101 3291 163 3358 die.
210 3287 304 3354 Hunc
324 3305 463 3354 errorem
481 3287 651 3356 Ptolemaei
670 3305 734 3352 non
750 3284 873 3352 secutus
891 3287 937 3354 est
957 3287 1160 3368 Marcianus,

101 3374 157 3459 qui
177 3367 286 3452 Kopion
305 3369 392 3453 dapar
405 3370 478 3437 loco
491 3369 546 3440 suo
561 3371 718 3447 reddidit,
739 3369 1034 3456 longitudinemque
1046 3371 1165 3438 Tarra·

93 3455 248 3522 'eonenfin
269 3455 343 3520 indo
372 3453 505 3523 orditur.
553 3452 793 3522 Observandum
820 3471 927 3520 autem
961 3452 1161 3528 Marcianum

101 3557 164 3607 non
189 3535 289 3604 solum
319 3535 407 3621 sequi
438 3537 676 3615 Ptolemaeum,
706 3533 759 3602 sed
778 3536 808 3602 dr
826 3536 904 3602 alios
924 3533 1163 3624 Geograpbos,

101 3621 274 3774 praecipue
297 3620 531 3688 Artemidorum
558 3623 589 3688 dc
614 3621 843 3704 Protagoram,
880 3637 914 3684 ut
940 3619 1004 3769 isse
1029 3621 1160 3690 fatetur.

133 3703 198 3770 lura
220 3705 293 3770 alibi
318 3705 538 3770 annotavimus
566 3705 654 3784 loca,
688 3703 853 3787 inquibus
875 3720 946 3768 rece
970 3705 994 3769 it
1014 3705 1032 3772 a
1056 3707 1163 3772 Ptole-

103 3805 209 3856 maeo.
250 3785 366 3854 Porro.
379 3783 541 3872 sequentia
560 3785 727 3872 Pomponii
744 3785 839 3852 verba
856 3785 1002 3853 suadente
1020 3789 1162 3880 ratione,

99 3870 287 3976 pubentibus
306 3869 387 3940 vero
404 3887 499 3942 manu
519 3869 779 3948 martialibus,
802 3871 847 3938 ita
863 3871 1053 3942 restituimus
1059 3919 1071 3956 ,
1093 3871 1166 3940 Par.

674 3949 768 4026 Ddu
788 3973 810 4047 3
1079 3970 1172 4048 petuo
