2708 4556
299 209 916 382 nnnonont
1038 211 1110 379 ψ

554 433 687 512 mum

15 567 16 580 ’
179 569 356 648 Issedonea
378 567 499 644 funera
522 591 700 668 parentum
724 572 803 652 laeti
829 571 868 650 du
894 572 1039 650 vidiimia
1067 599 1110 652 ne

123 671 220 750 sesto
245 669 343 746 coitu
375 665 583 744 familiarium
615 672 799 750 celebrant.
856 673 1011 770 Corpora
1037 673 1108 770 ipsa

124 767 269 858 laniata,
294 765 333 840 dt
355 765 457 841 taefiu
479 765 644 870 pecorum
664 767 849 844 visceribus
864 767 1006 844 immista
1023 793 1107 868 epu·

15 937 16 960 .
122 866 228 940 lando
255 863 468 940 consumunt.
531 864 651 961 Capita
683 867 739 940 ubi
772 865 868 942 fabre
888 868 1104 964 expolivdre,

124 955 195 1060 p'ro
225 961 355 1058 poculia
382 979 515 1058 gerunt.
581 963 683 1039 Haec
714 961 788 1039 sunt
817 961 908 1062 apud
933 987 993 1040 eor
1014 963 1107 1064 ipsot

124 1057 270 1163 pictatia
293 1055 409 1164 ultim
430 1057 557 1134 officia.
1101 1063 1105 1070 '

456 1215 570 1286 Statim
584 1221 619 1288 de
633 1217 778 1290 Anionis.

176 1318 299 1428 Pocula
325 1369 365 1426 ut
392 1351 568 1432 Issedones
601 1377 809 1454 parentum,
844 1353 893 1430 ita
918 1351 1104 1462 lfflmlfflssl

127 1473 263 1551 enorum
286 1449 454 1550 capitium
485 1451 678 1550 expoliunt.

438 1661 515 1760 ιιι.
541 1685 613 1744 ιιι.
648 1667 725 1792 (lap.
751 1689 789 1764 5.

178 1809 399 1910 Hyperborei
430 1808 530 1885 saeris
553 1813 709 1910 operati,
732 1813 882 1892 maxime
906 1813 1111 1926 Apolinbg

128 1933 274 2008 quorum
308 1907 473 2006 primitiae
498 1909 614 1984 Delon
639 1911 764 1986 misuse
789 1913 890 1986 initio
917 1936 980 2011 per
996 1911 1107 2010 virgi·

128 2029 188 2098 nea
217 2005 313 2096 suan
346 2003 469 2080 deinde
504 2029 567 2102 per
592 2007 738 2104 populos
763 2008 904 2086 subinde
935 2011 1110 2086 tradentes

129 2101 372 2192 ulterioribus:
406 2125 607 2204 moremque
629 2129 709 2180 eum
731 2105 815 2194 diu,
848 2105 887 2182 dt
919 2107 1031 2182 donec
1053 2106 1109 2190 vi·,

129 2202 181 2276 tio
206 2201 358 2302 gentium
379 2219 561 2280 temeratur
585 2200 656 2294 est,
681 2201 828 2277 servasse
849 2201 1056 2284 referuntur.

376 2335 503 2412 Plinius
525 2337 601 2414 Lib.
619 2361 675 2416 ιι.
704 2337 780 2434 Cup.
803 2362 859 2416 ιι.

177 2445 259 2522 Nee
290 2443 372 2522 libet
411 2446 567 2520 dubitare
611 2447 656 2522 de
696 2467 801 2542 gente
848 2449 1106 2548 Hyperborea,

127 2569 206 2634 eum
232 2562 286 2616 tot
310 2541 464 2618 audioreu
490 2545 663 2642 produnt,
695 2545 833 2644 frugum
859 2543 1025 2642 primitias
1053 2545 1107 2622 so·

127 2645 208 2716 litos
232 2641 345 2717 Delon
360 2641 498 2716 mittere
518 2641 690 2738 Apollini,
713 2667 815 2742 quem
838 2643 1019 2740 praecipue
1046 2668 1106 2718 co·

127 2743 215 2816 lunt.
273 2737 436 2834 Virginea
463 2738 620 2814 ferebant
650 2763 732 2832 eas,
765 2741 923 2840 hospitiiu
973 2740 1103 2816 entium

128 2859 190 2932 per
204 2859 311 2912 annot
335 2837 461 2932 aliquot
484 2839 713 2926 venerabilem
743 2837 857 2914 donee
890 2765 1016 2912 viobm
1034 2838 1109 2914 fide

127 2935 165 3009 in
193 2931 358 3032 proximia
388 2935 576 3010 accolarum
606 2935 731 3012 linibua
754 2937 927 3030 deponere
952 2933 1043 3013 sacra
1062 2957 1104 3014 ee

16 3089 17 3120 l
128 3031 330 3122 instituere,
360 3029 465 3128 hique
495 3031 534 3106 ad
564 3031 796 3110 conterminet
823 3031 976 3120 deferre,
1000 3049 1105 3128 atque

127 3129 178 3220 ita
197 3130 309 3206 Delon
334 3149 448 3228 unque.
494 3133 588 3208 Mox
610 3129 650 3207 dt
669 3130 740 3214 hoc
755 3127 863 3228 ipsum
886 3127 1053 3204 exolevit.

177 3315 350 3464 Callipidaa
374 3267 803 3448 ijag5⁰se¹⁸agappffi}}1,
831 3371 929 3470 Tyra
952 3367 1101 3469 separat:

126 3465 237 3565 surgit
258 3467 292 3542 in
318 3469 459 3546 Neuris.
521 3400 601 3576 Qua
631 3467 726 3560 exit,
750 3467 802 3544 sui
832 3467 981 3544 nominis
1002 3467 1105 3568 oppi-

127 3567 209 3638 duni
233 3565 385 3678 attingit.
436 3569 485 3644 At
502 3567 558 3642 ille
579 3567 638 3680 qui
661 3563 1030 3664 Scythiae-populosi
1053 3569 1104 3642 se·

17 3685 19 3706 ·
124 3663 309 3758 quentibua
335 3663 486 3754 dirimit,
511 3689 636 3776 apertur
669 3663 704 3738 in
728 3665 910 3740 Germania
929 3663 1107 3754 fontium,

125 3758 320 3870 alioquim
350 3761 474 3838 delinit
506 3759 863 3936 nommealexoritur.
926 3761 1020 3874 Nam
1043 3757 1119 3858 pe?

236 3883 240 3892 '
695 3904 697 3912 ·
720 3881 745 3956 5
990 3879 1109 3958 W·
