2766 4554
195 223 268 301 nn
290 219 438 304 nour.
462 215 666 299 mnenon
687 219 769 320 ‚nm
784 220 834 298 12
858 219 943 318 cru
962 219 1042 301 Vh
1084 247 1166 348 sor

103 387 166 460 illis
184 381 336 465 Graccis,
358 399 440 467 quos
462 376 546 446 solos
566 373 897 466 sequtus-Avienus,
918 380 1045 454 destit'
1087 399 1170 477 ott,

103 475 199 540 etlam
217 469 278 535 lroc
293 457 437 544 accedit,
454 459 544 548 quod
560 479 596 528 es
610 459 809 548 remoriuma
825 463 865 532 fit
877 461 981 536 asora
995 486 1059 534 mar
1074 461 1170 556 tima,

104 557 138 622 dt
160 553 297 622 stratlu
318 550 394 628 illo,
414 565 508 634 quem
531 543 583 614 hic
598 541 757 616 describit.
798 543 866 632 Jam
887 546 968 646 vero
982 543 1097 620 Herm
1123 575 1171 622 to·

102 641 190 724 pium
209 633 276 704 esse
294 653 364 700 enm
380 634 513 727 urbem,
534 645 614 716 quse
631 629 710 700 olim
724 649 858 730 quoque·
870 627 1042 714 Dianium,
1062 657 1108 708 vu
1142 635 1168 706 ὸ

106 720 379 794 Deniovocstur,
400 715 591 782 notrllrmum
612 711 667 784 est.
711 715 741 782 Α
765 713 882 784 Dianio
899 737 1105 789 succinorum
1121 659 1170 790 ie·

106 793 824 970 nizellensiselneus
837 801 1169 956 sindulis·

109 991 161 1040 ne.
204 905 357 1036 Fluminis
379 981 483 1032 autem
505 925 608 1034 sliam
626 965 772 1034 meminit
795 965 971 1051 Stephanus
984 969 1059 1039 loco
1079 910 1171 1060 iung-

106 1056 174 1124 rius
199 1053 306 1120 allato.
358 1049 458 1116 Urbis
486 1047 565 1114 vero
595 1049 725 1116 Sicanae
757 1049 831 1118 slibi
858 1044 937 1118 fucit
961 1055 1168 1126 mentionem.

109 1137 213 1208 Recte
235 1139 341 1220 itaque
360 1133 530 1218 aputeum
551 1131 764 1214 rescripsrmns
791 1131 920 1215 Sicano,
941 1153 1003 1218 pro
1024 1139 1170 1226 eoquod

110 1219 212 1305 vulgo
234 1221 368 1304 legitur,
390 1215 508 1283 Silone.
547 1211 612 1310 Qui
630 1217 773 1282 Sedilono
793 1215 847 1284 hic
864 1214 1093 1304 reposuerunt,
1112 1239 1169 1291 ons

109 1305 243 1374 multllm
271 1301 306 1370 fu
334 1305 357 1366 it
379 1303 484 1382 tutio:
507 1317 588 1384 quae
610 1299 693 1366 enim
721 1299 767 1366 est
783 1299 835 1366 illa
856 1301 1005 1370 Seditons
1027 1305 1169 1386 civitas,

110 1405 192 1468 quse
214 1387 295 1453 uitta
307 1322 343 1454 iit
364 1383 404 1450 ab
425 1401 516 1450 amne
533 1381 710 1450 Seditano?
733 1379 851 1450 Nostra
868 1401 973 1454 autom
990 1383 1088 1456 lollio
1104 1409 1167 1458 non

107 1473 178 1542 lolo
193 1473 308 1565 nititur·
322 1468 501 1552 Stephano,
518 1463 578 1564 ,sed
594 1469 624 1532 dt
643 1467 865 1562 antiquifflmis
882 1459 1013 1539 Graecis
1032 1464 1129 1538 Thoe
1143 1493 1168 1527 ’-

77 1578 80 1591 ·
107 1557 207 1630 dide,
229 1551 358 1622 Plrilrsto
378 1552 460 1635 apud
482 1549 659 1618 Drodorum
681 1551 847 1630 Siculum,
868 1553 1024 1650 ollisque,
1044 1550 1100 1640 qui
1119 1493 1170 1624 sii·

106 1657 220 1706 canum
243 1637 371 1704 fluvium
388 1637 416 1700 in
438 1631 535 1700 Iberia
553 1631 740 1712 recensent,
760 1637 880 1722 quique
898 1632 971 1702 inde
984 1639 1116 1706 Sicanos
1131 1639 1167 1707 in

105 1724 244 1792 Siciliam
262 1715 445 1804 peruenisse
457 1719 664 1786 contendunt.
707 1715 808 1786 Recte
828 1737 961 1799 necne,
980 1723 1021 1786 de
1035 1719 1166 1789 coelibi

107 1805 162 1874 dis
178 1825 310 1870 uramus.
354 1803 495 1869 Sufficiat
518 1819 601 1868 nunc
621 1799 848 1870 demonstrasse
869 1801 983 1870 flumon
1004 1803 1086 1874 illud
1102 1825 1166 1874 non

107 1827 177 1958 eni
191 1885 386 1966 falrolrlirm,
409 1885 455 1952 uti
473 1903 574 1970 neque
598 1885 744 1952 sternam
762 1886 949 1966 civitatem,
967 1887 1039 1964 clrrn
1059 1907 1167 1956 earum

106 1975 197 2044 srrurn
216 1969 378 2039 manifeste
394 1967 533 2038 ostendat
551 1965 655 2034 Rufus
679 1965 704 2034 F
706 1967 797 2036 ellus
845 1967 959 2038 Obiter
975 1989 1081 2039 tutem
1098 1992 1166 2040 too·

106 2077 217 2126 nemus
240 2075 339 2120 errore
356 2053 518 2133 Servium,
540 2051 594 2136 qui
617 2051 758 2116 Sitonum
776 2055 1000 2140 interpretatur
1016 2053 1166 2144 Sicorim,

105 2143 177 2208 clrm
201 2141 358 2204 Suronem
380 2139 485 2202 dicere
503 2133 670 2202 debuisset.
714 2133 760 2202 Ut
779 2135 860 2202 vcro
876 2138 965 2204 Sucro
988 2135 1166 2206 &Sicanos

103 2227 244 2308 ejusdem
264 2222 352 2288 fluvii
376 2217 420 2286 est
434 2237 567 2298 nomen,
590 2219 633 2284 ita
652 2217 748 2288 etism
767 2219 859 2285 Sucro
879 2223 910 2290 dt
930 2223 1040 2290 &tuno
1053 2223 1165 2292 endem

105 2311 150 2376 eli
169 2310 253 2374 urbs.
296 2305 446 2372 lurmnlr
463 2299 603 2367 Sucronis
615 2305 721 2389 oppidi
734 2303 851 2372 Strabo
869 2305 900 2372 ἀ
916 2303 1047 2374 Plinius.
1084 2303 1165 2378 cre-

104 2395 236 2460 ditores
253 2389 317 2458 csse
322 2383 522 2538 jllssvllli‘
537 2385 628 2452 Sueto
637 2383 831 2472 appellatur:
847 2385 900 2486 sed
913 2393 1045 2460 omnino
1060 2387 1164 2460 estillo

104 2497 187 2562 quae
206 2477 306 2558 vulgo
356 2475 432 2535 lzrro
452 2473 578 2538 drcrtur.
621 2467 749 2538 Nomen
763 2489 868 2538 nutem
883 2471 965 2542 iliud
975 2495 1163 2559 corruptum

104 2561 149 2627 eil
178 2581 215 2625 ex
246 2560 422 2644 dignito,
451 2555 496 2620 uti
521 2551 652 2621 insulam
678 2571 795 2622 vocant
822 2551 951 2624 Anum.
994 2555 1163 2628 Nubieniis

103 2643 311 2724 Genornnlrus
327 2657 421 2706 vocat
441 2639 501 2704 lroc
517 2639 667 2724 oppidum
684 2637 846 2724 Algrztrar
862 2640 973 2718 Soror,
989 2641 1034 2708 its
1047 2659 1082 2708 ut
1094 2641 1164 2708 nul-

105 2729 169 2794 lum
180 2711 383 2807 ‘relinquatur
397 2723 546 2801 dubium,
568 2719 642 2806 quin
659 2719 736 2786 haec
753 2715 791 2788 fit
805 2721 895 2785 Sucro
907 2725 987 2792 uris.
1031 2721 1161 2792 Confir-

104 2830 190 2878 mant
212 2811 243 2876 id
262 2807 364 2893 ipsum
387 2825 509 2872 veteres
527 2803 677 2888 reliquiae
697 2821 777 2889 quse
797 2803 842 2872 ibi
855 2809 1065 2891 reperiuntur.
1092 2805 1163 2876 Ne·

104 2913 167 2976 que
179 2891 266 2960 obeli
283 2889 371 2978 quod
386 2887 485 2986 insula
505 2886 573 2983 istu·
599 2903 713 2954 uatuor
728 2883 747 2954 ir
764 2889 841 2958 mari
858 2889 957 2958 leucis
970 2891 1047 2960 abfit
1087 2889 1160 2960 cunr

105 2997 166 3050 nec
184 2977 316 3055 Strabo,
346 2993 403 3040 nec
426 2973 545 3040 Plinius
566 2971 586 3068 ri
600 2990 649 3038 nro
670 2973 709 3039 nd
730 2989 814 3039 maro
834 2971 1008 3044 collocent.
1053 2935 1162 3062 i‘ergit

104 3063 176 3130 dein
193 3059 298 3125 Festus
317 3059 477 3136 Avienus,
499 3057 529 3122 dr
548 3074 610 3136 nrt,
634 3075 696 3122 non
716 3053 809 3140 longe
824 3054 842 3124 l
859 3057 1004 3127 divortio
1019 3059 1162 3126 Sucronis

104 3145 159 3216 rel
179 3146 282 3210 Sicani
298 3141 433 3208 fluminis
454 3137 522 3208 esse
539 3156 659 3206 amnem
677 3135 818 3222 Tyrium,
840 3159 977 3224 eumque
997 3137 1163 3228 praestrin-

101 3247 178 3316 gere
201 3225 353 3310 oppidum
372 3223 478 3309 Tyrio.
524 3223 635 3307 Atque
654 3221 716 3288 hoc
760 3223 863 3290 uidem
879 3222 1073 3295 verislirnum
1095 3221 1164 3294 esse

103 3313 250 3380 arbitror.
299 3307 407 3392 Tyrius
429 3308 512 3374 enirn
529 3309 581 3374 vel
599 3299 709 3371 Turius
730 3241 845 3373 ffuvios
864 3308 891 3376 is
907 3307 972 3390 est,
992 3310 1046 3396 qui
1061 3307 1161 3396 uulgo

104 3398 222 3462 dicitur
236 3393 297 3460 Rn
314 3391 490 3458 necarere.
532 3383 632 3458 intrat
651 3387 731 3458 veris
750 3389 805 3458 ille
816 3391 972 3459 Sucronem
985 3413 1049 3464 non
1066 3393 1161 3548 10th

99 3481 141 3548 ab
162 3481 267 3544 lllzira
285 3477 427 3562 oppido,
447 3475 488 3542 de
504 3492 569 3557 quo
583 3493 658 3542 mox
678 3473 838 3556 diximus,
859 3479 912 3546 ubi
929 3479 1104 3548 divortium
1129 3497 1164 3546 t·

98 3565 145 3632 cir
169 3562 270 3629 Sucro.
323 3563 391 3646 Jnrn
413 3557 494 3626 vero
518 3559 605 3642 quod
632 3559 848 3642 conjecturam
878 3561 1012 3631 nollrsm
1038 3557 1162 3648 firmat,

100 3645 167 3720 est,
189 3645 277 3730 quod
294 3645 389 3714 hodie
402 3661 532 3727 quoque
545 3641 700 3725 oppidum
716 3637 825 3726 Tyris,
846 3647 936 3728 cuius
951 3645 1004 3714 hic
1018 3647 1165 3716 meminit

99 3731 266 3810 Avienus,
298 3747 412 3796 nomen
436 3724 524 3794 suum
549 3721 671 3806 servat,
696 3743 895 3814 vocaturque
916 3729 1033 3812 Turis,
1055 3729 1165 3816 estque

99 3812 185 3900 quali
207 3813 239 3882 in
259 3814 326 3897 ripa
351 3812 443 3881 situm
464 3811 532 3907 ejus
548 3807 708 3904 fluminis,
729 3807 771 3876 R.
792 3811 827 3874 de
843 3811 957 3878 Corlett
974 3813 1082 3882 uocari
1098 3833 1165 3884 uso-

98 3899 235 3966 nuimus.
278 3895 397 3962 Verum
418 3893 463 3962 est
481 3910 607 3961 rnrerrm
627 3937 640 3970 ‚
660 3895 754 3962 etism
778 3895 861 3970 uliud
882 3895 999 3966 flumen
1023 3897 1163 3967 vicinum

98 3973 218 4055 udum
238 3975 338 4051 fulsse
363 3977 462 4048 Turio
480 3975 533 4047 rel
552 3969 699 4062 Turlom3
719 3975 801 4048 illud
820 3997 932 4068 nempe
949 3981 1036 4068 quod
1052 3971 1167 4080 Valen-

1063 4083 1169 4140 rtrum
