2760 4542
184 221 255 296 nii
277 217 423 296 rome.
447 191 643 294 meinis
669 215 750 292 nm.
767 215 831 293 iii.
856 213 941 296 Cle.
968 217 1053 300 vin
1094 219 1172 315 nri·
1241 321 1245 336 p
1293 209 1297 214 ’

118 379 257 460 Poetis?
270 378 345 448 Nee
355 375 460 452 cubile
471 375 613 453 tantbtti,
630 370 684 440 sed
702 375 857 446 &vultus
868 421 880 454 ,
891 377 1165 465 veilis‚tbronus,

114 466 259 544 brachia,
277 455 384 528 'omnia
399 459 537 542 denique
551 459 742 526 illiorubere
756 459 915 528 dicunuir.
956 461 1116 532 Homerus
1131 469 1163 536 dt

116 548 238 616 Poeta·
249 545 383 613 Sinicam
403 539 585 608 describunt
602 559 773 608 matronam
784 561 875 620 ,cum
892 541 1000 610 roseos
1016 547 1167 618 &minia-

119 648 170 698 tos
185 627 326 704 Aurorae
344 627 492 693 tribuunt
509 625 635 708 digitos.
659 623 761 694 Porro
776 623 905 704 insulam
923 627 1003 700 hanc
1018 630 1166 715 Arrianip

119 709 257 795 Nosoln,
274 707 479 778 Philostratus
497 708 576 772 verb
592 707 692 770 Seleru
708 710 815 774 vocari
830 705 980 777 scribunt.
1006 712 1164 784 Addunti

119 795 271 882 Nymphai
286 792 417 879 quadam
434 787 576 858 Nereide
589 789 751 886 inhabitari
760 791 855 872 ,aeli
891 793 937 858 uis
951 789 992 859 eb
1008 799 1170 882 appellat,

119 879 212 950 illum
225 877 291 961 rapi
306 876 345 942 ab
357 892 417 951 ea,
433 873 638 968 uecuamplilis
656 874 751 941 cerni.
792 810 896 942 Sensi
914 875 954 942 ab
973 877 1093 946 umora
1109 885 1166 968 qui

120 962 300 1046 rapiuntur,
320 977 385 1054 non
404 955 538 1052 amplilis
558 973 752 1042 comparent.
794 955 894 1034 Tales.
913 977 1001 1030 erant
1013 964 1077 1046 nui
1091 983 1168 1036 onte

120 1039 656 1220 iilillbliblllllllia
671 1039 1172 1219 lsbiltll'llilltfflr

120 1211 233 1296 pueri,
252 1209 283 1273 dt
303 1225 356 1290 qui
374 1217 537 1274 immatura
552 1221 654 1271 morte
667 1201 847 1290 periissent,
869 1222 956 1274 inane
973 1227 1045 1280 ante
1063 1229 1170 1290 prtum

124 1293 201 1372 solis
215 1289 436 1376 sepelirentur,
460 1286 546 1354 testis
562 1285 607 1356 est
624 1287 802 1361 Eullatbius
815 1289 853 1352 od
868 1287 1040 1364 Homerum.
1216 1304 1218 1308 ’

171 1377 194 1442 l.
214 1379 265 1442 88.
290 1369 372 1436 inter
391 1371 453 1454 ipso
466 1367 538 1454 tijlt'u
559 1389 632 1434 roro
652 1382 730 1436 tenet
751 1389 783 1436 re
811 1369 855 1455 ⁸]
877 1373 930 1446 Sic
956 1376 1081 1459 quidem
1103 1381 1175 1464 librl

126 1477 220 1530 manu
235 1455 370 1534 mirati,
392 1471 529 1549 neminen
548 1389 1042 1536 rescribendiimffilcessestnteri
1062 1461 1176 1550 soosbn

128 1539 293 1616 Patalene,
312 1540 371 1620 jani
391 1539 442 1612 alii
463 1540 622 1604 viderunt.
669 1537 697 1606 A
720 1535 872 1604 Potuloo
896 1541 972 1625 pido
991 1473 1089 1618 jurgia
1107 1563 1175 1620 tota

128 1621 413 1696 Patalenedicitur.
454 1619 652 1704 sicquidem
672 1617 807 1702 Graeci,
827 1617 860 1693 se
900 1639 1009 1692 vetum
1029 1631 1175 1711 apudlri.

126 1711 187 1778 dos
200 1725 313 1774 nomen
328 1703 411 1780 fuit,
432 1719 467 1772 ut
479 1725 501 1770 ο
522 1701 611 1783 inor,
634 1721 697 1770 nori
715 1703 848 1781 Patala,
868 1701 921 1770 sed
935 1705 1064 1777 Potano.
1101 1711 1176 1782 Pani

123 1795 181 1862 iiiii
195 1792 227 1859 id
241 1785 429 1856 vocabulum
444 1789 474 1853 iti
491 1723 607 1856 isitres
624 1787 885 1870 appellationibus
899 1793 1048 1863 occurrit.
1078 1781 1176 1861 Putat*

122 1877 262 1942 noemin
279 1889 333 1936 aut
350 1867 447 1939 Pom
462 1867 593 1942 insulam
610 1867 770 1952 significat.
791 1871 939 1942 Arrianus
958 1873 1063 1938 Δέλτα
1078 1875 1175 1952 inter,

125 1975 286 2046 pretatur,
310 1952 361 2020 sed
374 1971 438 2020 non
453 1971 563 2018 omues
579 1949 699 2020 insulae
712 1951 786 2024 sunt
800 1954 980 2040 triquetrae·
1002 1959 1104 2028 Porro
1124 1965 1172 2034 to'·
1230 2027 1236 2036 ,

123 2062 179 2126 tiis
192 2041 244 2108 liic
256 2039 344 2104 locus
361 2035 405 2106 fic
419 2038 451 2104 iii
467 2053 561 2104 manu
574 2035 706 2101 exaratis
721 2035 811 2102 libris
825 2039 1021 2122 coneipitur:
1034 2042 1173 2134 Inimip,
1322 2037 1326 2046 ’

114 2125 158 2212 sa
173 2121 244 2208 ollio
258 2140 330 2186 roro
344 2129 422 2184 lenti
440 2121 540 2204 regio,
562 2119 595 2182 ob
607 2111 702 2266 αὲὶω
718 2119 914 2184 intolerabiles
927 2119 1038 2190 alicubi·
1048 2129 1173 2204 cutione

124 2211 179 2280 batt
193 2225 291 2296 egens.
315 2203 388 2270 Iride
400 2205 439 2266 od
450 2203 604 2284 principio
653 2203 723 2272 nbrt'
738 2206 830 2268 moris
839 2207 971 2286 pertinet
987 2209 1069 2294 ipse,
1087 2215 1172 2282 invia

123 2305 213 2377 morte
236 2291 270 2354 dc
283 2299 349 2352 etta
371 2283 496 2366 liuntur,
517 2285 611 2350 cineri
631 2285 728 2371 nugis
744 2283 786 2368 fit
807 2287 895 2371 mutini
916 2290 1034 2371 pulcari
1048 2291 1171 2378 similis,

124 2375 220 2452 Unde
263 2369 343 2441 anile
366 2369 523 2454 apparebit
554 2367 634 2434 male
658 2367 740 2436 liune
767 2371 870 2436 locum
891 2371 908 2438 l
933 2372 1172 2462 Corresloribus

121 2459 288 2539 habitum,
317 2470 488 2540 veramque
511 2451 578 2520 esse
598 2469 688 2533 eam,
720 2469 813 2543 quain
834 2455 1030 2543 reduximus,
1061 2463 1172 2534 lediio.

122 2561 210 2612 nerii.

19 2663 24 2676 .
165 2625 187 2692 l.
208 2641 263 2702 9²·
286 2619 407 2688 Humor
425 2621 521 2690 tinere·
535 2619 676 2708 mngirfil
693 2619 781 2704 quun
795 2623 913 2702 pulsuri
919 2619 1051 2710 stnit‘li's]
1066 2625 1173 2700 Locus

123 2707 177 2776 liic
195 2705 284 2774 nullo
296 2705 359 2772 alio
376 2703 479 2786 vitio,
501 2701 594 2787 quam
607 2703 671 2778 sola
689 2703 849 2772 laborabat
862 2706 1064 2774 distinctione.
1098 2709 1175 2783 Nori

127 2789 215 2870 teile
230 2787 351 2856 iaciunt
370 2789 424 2873 qui
445 2787 596 2870 prilinrtin
617 2803 653 2852 oc
665 2787 789 2858 cinerem
805 2803 861 2870 pro
876 2789 985 2862 eodeni
1003 2795 1167 2872 accipiunt

124 2871 238 2952 Puluis
253 2889 315 2938 tion
336 2871 458 2938 tantlim
476 2889 534 2954 pro
547 2865 610 2954 ipsa
628 2869 744 2946 liuttio,
764 2867 817 2936 sed
836 2873 930 2936 etiam
944 2891 1003 2958 pro
1018 2877 1106 2942 ar'eii'ri
1125 2898 1176 2946 ac,

127 2957 270 3041 cipitur,
293 2953 398 3020 verlini
419 2953 532 3029 moda,
552 2969 585 3018 ut
610 2951 681 3018 clim
699 2967 823 3018 arenam
848 2953 1049 3022 Puteolanam
1072 2963 1175 3042 polee.

127 3059 192 3116 rent
210 3051 336 3104 vocant.
364 3037 425 3104 Sed
441 3033 520 3102 verb
533 3037 610 3100 einis
624 3053 780 3118 nunquam
803 3032 950 3120 sumitur,
973 3040 1028 3109 nisi
1043 3061 1103 3126 pro
1118 3047 1174 3114 lini.

127 3143 209 3202 mo,
224 3139 332 3199 arena,
351 3121 453 3187 aliave
463 3117 592 3192 materia
604 3117 774 3186 combusta.
807 3115 915 3206 ltaque
929 3127 1032 3190 omnis
1048 3127 1176 3208 quidem

127 3207 208 3274 einis
227 3203 330 3290 pulvis
344 3201 411 3282 est,
431 3201 541 3268 verlim
564 3221 627 3278 tion
650 3202 752 3276 omnis
768 3202 872 3300 pulvis
890 3203 1005 3274 cineris
1019 3209 1178 3282 vocabulo

126 3287 219 3368 adlici
236 3283 358 3372 potest,
382 3283 436 3353 sed
453 3282 552 3350 tostus
569 3285 700 3358 tantliiu.
1062 3311 1068 3324 ·
1159 3320 1163 3334 ·

168 3371 190 3438 l.
210 3390 263 3452 94.
286 3365 421 3454 Quorum
440 3365 824 3452 Tuberonemfflmfiroen
833 3368 981 3452 notissimo
990 3375 1176 3466 accepimns]

127 3453 268 3536 Tomeron
294 3471 359 3518 noti
390 3449 565 3530 iliberoriern
596 3467 692 3518 vocat
721 3451 881 3525 Arrianus.
934 3455 967 3522 ln
999 3461 1179 3535 melioribus

123 3537 219 3610 Plinii
241 3533 404 3612 codicibus
428 3531 583 3600 Toniberon
604 3533 776 3620 scribitur,
803 3557 864 3614 riori
895 3537 1054 3609 Tonderon.
1097 3545 1178 3614 Sane
1250 3539 1253 3545 Δ

126 3641 192 3689 non
205 3619 295 3684 aliter
308 3619 413 3704 potuit
432 3615 584 3703 scripsisse
600 3619 742 3696 Plinius,
764 3635 859 3708 atque
874 3619 987 3702 Mela,
1002 3645 1094 3712 quem
1112 3631 1180 3696 ubi·
1201 3659 1205 3669 ·

150 3722 189 3766 ue
206 3699 354 3786 sequitur.
399 3698 554 3778 Arusacen
573 3700 656 3768 idem
671 3699 980 3790 Arifiipenappellat.
1018 3711 1179 3781 Salmasius

161 3785 259 3849 routin
275 3784 408 3864 reponit.
453 3781 570 3856 Veriim
586 3784 743 3869 insigniter
766 3804 868 3866 errot;
893 3787 1018 3856 Orontis
1039 3799 1124 3861 enim
1146 3797 1179 3864 in

124 3867 282 3938 Persicum
297 3865 394 3934 finum
417 3867 511 3950 exit,
545 3867 598 3932 lile
629 3865 707 3932 verb
729 3867 864 3954 Atiaoeii
884 3871 1082 3958 provinciam
1100 3877 1180 3958 Indo

123 3951 306 4038 condentur
325 3949 477 4022 describit
494 3949 616 4020 nunni
630 3949 744 4018 noller.

661 4029 795 4126 Geir
1134 4041 1183 4120 lii
