2750 4556
106 299 981 395 eRAEFATIO.

31 489 89 561 su.
113 489 586 588 vammum-ulmam
622 493 825 587 Ruolour:
860 493 1114 570 Gtoulosrs

32 630 46 676 2,
64 595 161 666 suro
206 579 258 663 ὓ.
291 593 345 663 rs.
392 577 459 660 ὃ.
491 580 828 668 servoruum
892 599 1116 671 exarnus.

32 685 156 776 ,Cum
181 685 291 766 olim
320 681 567 786 quidem,
597 701 643 762 ut
668 707 796 784 nunc,
826 689 1043 772 Galliarum
1071 695 1118 772 li-

32 847 46 886 ,
77 817 159 878 tora
195 796 297 876 mari
336 793 559 875 Oceano
597 790 973 904 Mediterraneoque
1007 804 1122 892 inuri,

32 957 48 1006 ,‚
71 911 233 1000 nenda,
259 927 341 986 nec
377 928 493 985 non
530 903 746 986 earundem
770 911 1013 1014 aliquatenus
1040 937 1126 1004 me,

36 1069 58 1109 „
85 1016 493 1119 dra,videlicetquo
505 1011 939 1127 variisflumirunro)
948 1019 1127 1126 pernes-1

41 1179 69 1228 „
96 1149 156 1212 tur
176 1131 332 1220 alveis,
372 1127 482 1208 dira
521 1124 853 1214 Normannorum
880 1129 1126 1226 vastarentur

46 1291 73 1335 „
101 1237 280 1334 saevitia,
305 1237 463 1322 studio
502 1233 757 1340 quorundam
774 1239 953 1324 Fratrum
970 1244 1128 1326 nostro*

48 1403 73 1445 ,.
102 1375 193 1432 rum
220 1349 468 1434 admonitus
491 1373 508 1444 ;
551 1347 673 1426 immo
702 1349 755 1428 ob
779 1355 984 1456 utriusque
1010 1357 1128 1436 maris

47 1513 72 1562 „
96 1463 394 1567 aliquantulum
439 1459 613 1564 ignotos
642 1460 900 1564 navigationis
925 1464 1134 1562 excursus,

51 1625 83 1666 „
108 1572 425 1678 Discipulorum
449 1565 660 1650 mitissima
693 1566 975 1676 deprecatione
995 1597 1135 1668 accen,-

56 1735 87 1780 ,‚
115 1684 201 1779 sus,
225 1687 338 1767 hunc
369 1683 427 1764 de
458 1681 556 1761 Situ
582 1677 700 1760 Orbis
723 1680 898 1764 libellum
918 1705 968 1764 ex
985 1687 1134 1768 multo-

58 1847 91 1892 ,‚
120 1821 207 1879 rum
231 1792 601 1903 praecedentium
628 1789 694 1892 qui
723 1788 802 1897 (2)
830 1795 923 1876 hinc
941 1797 1134 1880 traclave-

61 1957 95 2004 „
126 1925 253 2001 runt,
289 1903 417 1986 dietis
449 1917 685 2006 excerptum
713 1926 953 2012 componere
978 1905 1136 2006 studui,

66 2067 102 2114 „
129 2019 171 2100 u
194 2013 352 2098 vestrae
378 2036 509 2118 quam
538 2010 813 2116 praedicandae
839 2013 1047 2121 sapientiae
1067 2016 1136 2098 dea

71 2181 107 2228 „
137 2125 357 2212 derandum
384 2147 487 2232 prae
520 2123 702 2204 omnibus
720 2125 866 2208 offerre
882 2141 1009 2212 ratum
1027 2153 1136 2212 com-

70 2291 109 2337 „
140 2237 388 2342 modumque
426 2234 540 2316 duxi.
598 2231 699 2316 Non
730 2237 847 2342 igitur
881 2251 1029 2323 temere
1061 2239 1139 2322 hoc

70 2343 333 2459 „adgressus
378 2345 470 2428 sum
516 2359 731 2426 contexere
766 2343 1029 2452 opusculum,
1067 2373 1141 2434 nec

70 2515 109 2560 „
136 2463 307 2570 propriis
325 2461 466 2542 nitens
489 2455 638 2537 viribus
669 2455 775 2558 quasi
806 2456 859 2538 ob
891 2462 1060 2544 nominis
1087 2459 1145 2544 fa.

74 2625 113 2674 „
142 2598 246 2654 mam
273 2568 491 2676 jastantiae
507 2564 744 2652 celsitudinis
770 2570 952 2674 plenam;
978 2569 1045 2656 sed
1064 2567 1144 2654 fra-

79 2741 112 2786 „
140 2685 260 2766 ternis
279 2681 486 2762 humiliter
503 2699 641 2782 parens
659 2679 1041 2780 necessitudinibus,
1076 2710 1144 2794 ag.

82 2851 119 2898 „
148 2795 313 2903 gregatis
338 2785 604 2896 infignisfimis
631 2789 858 2893 hujusmodi
885 2792 1142 2878 lestionisar·

84 2961 120 3009 „
148 2901 352 2998 tificibus,
370 2897 467 3004 quid
477 2901 519 2980 in
535 2895 734 3004 opusculis
749 2897 824 2982 suis
843 2900 894 2983 de
909 2903 1030 2986 Orbis
1057 2907 1145 2990 Situ

89 3069 122 3114 „
148 3014 370 3108 senserint,
405 3007 556 3112 quidve
581 3011 738 3115 egregio
765 3008 861 3116 (3)
890 3015 1013 3098 affatu
1039 3015 1146 3098 dixe.

93 3179 129 3226 „
154 3129 271 3219 rint,
304 3121 395 3204 cum
433 3117 574 3200 crebri>
613 3121 879 3226 legensalios
920 3123 1149 3226 docuerim,

93 3291 126 3338 „
154 3259 265 3318 nunc
294 3234 406 3312 altius
433 3229 621 3337 inspicere
649 3235 797 3323 curavi,
823 3307 826 3314 .
855 3233 1010 3324 Melam
1034 3235 1149 3316 Pom..

93 3347 324 3454 „ponium
358 3343 485 3434 dico,
515 3358 631 3444 atque
667 3341 884 3426 Aethicum
920 3339 1149 3454 Cosmogra.
1291 3440 1294 3446 Ι

92 3513 127 3563 ,,
154 3457 266 3552 sum,
300 3452 545 3538 Mattianum
570 3451 742 3534 Felicem
786 3447 1006 3558 Capellam,
1043 3459 1146 3540 Solr-

97 3587 257 3674 ·„num
293 3563 615 3654 Polistoriarurn,
644 3559 852 3662 Orosrurn,
881 3587 954 3646 ncc
979 3591 1061 3650 non
1082 3570 1152 3674 ll.

97 3733 132 3786 „
158 3681 320 3770 dorum.
350 3692 564 3776 ceteraque
586 3673 885 3779 quamplurima
908 3702 1148 3782 argumenta,

101 3795 273 3906 „Quae
327 3810 425 3893 ergo
477 3783 620 3866 horum
676 3786 861 3870 relatione
916 3792 1154 3894 pernecessa-
1216 3831 1221 3844 ¹

1019 3949 1050 3998 22
1079 3927 1155 3988 fla*

140 4075 200 4168 (1)
219 4075 299 4166 Leg.
316 4079 527 4158 permeatur.
550 4064 608 4154 (a)
627 4063 706 4154 teg.
727 4065 814 4136 intas.
837 4063 900 4157 (3)
918 4067 997 4158 [ος.
1018 4045 1143 4154 effata.²
